3284 5536
307 356 357 432 92
618 379 709 430 ιιιιιι.
736 378 818 432 σιτ.
843 379 958 431 mus.
976 400 1022 410 —
1048 380 1129 432 σου.
1158 379 1232 432 ιιοο.

311 572 373 633 νοῦ
394 573 455 633 τοῦ
476 570 665 648 παραβάτου
688 571 722 633 ἐν
740 574 809 647 τοῖς
823 572 945 649 καιροῖς
959 568 1010 647 οἷς
1024 569 1064 647 ἠν
1078 569 1097 632 ὁ
1112 571 1210 647 μέγας
1232 570 1440 647 Βασίλειος
1454 596 1488 616 =
1501 588 1544 633 ex

311 685 337 749 B
350 686 374 750 4
386 685 451 767 (σά
466 706 498 768 p.
512 685 652 765 179-85.)

360 841 416 898 10.
438 831 519 911 (Pol.
530 833 649 915 ma)
658 834 794 912 Ἕτερον
813 838 918 911 θαῦμα
933 837 992 897 τοῦ
1010 835 1045 896 ἐν
1062 833 1165 912 άγίοις
1184 837 1307 914 πατρὸς
1325 837 1417 913 ἡμῶν
1432 836 1545 899 Βασι·

310 950 415 1013 λείου
437 953 496 1013 τοῦ
523 949 661 1026 μεγάλου
689 953 837 1027 περὶτοῦ
860 951 1085 1028 ἀρνησαμένου
1110 954 1168 1014 τὸν
1197 952 1334 1029 Χριστὸν
1358 950 1546 1030 ἐγγράφως.

316 1098 348 1118 =
366 1065 551 1135 exsswd.
562 1086 594 1147 p.
613 1066 771 1148 188-197.)

355 1207 410 1263 11.
432 1199 512 1279 (Fol.
537 1200 707 1282 98v-1w.)
743 1201 817 1277 Βίος
843 1202 892 1263 καί
916 1203 1056 1265 πολιτεία
1085 1205 1144 1264 τοῦ
1173 1201 1269 1266 ὁσίου
1299 1202 1423 1279 πατρὸς
1452 1202 1547 1280 ἡμῶν

312 1315 487 1380 Ἰωάννου
510 1318 761 1394 τοῡκαλυβίτου.
776 1315 859 1379 =B.
1412 1317 1548 1381 lan.15.

359 1471 413 1530 12.
436 1465 985 1548 (Fol.11a116v.)Ma910p10v100
1005 1467 1098 1540 ἁγίου
1122 1466 1256 1532 ἐνδόξου
1279 1469 1328 1529 καί
1348 1466 1551 1545 μεγαλομάρ-

312 1602 413 1660 τυρος
434 1581 641 1659 Θεοδώρου
664 1586 723 1645 τοὺ
740 1583 918 1658 τύρωνοςή
934 1582 988 1644 ὅτε
1003 1581 1136 1659 ήριιάγει
1148 1582 1167 1660 ἡ
1180 1584 1281 1660 μήτηρ
1294 1582 1396 1645 αὐτοῦ
1409 1583 1474 1645 ὑπὸ
1488 1587 1549 1646 τοῦ

313 1698 499 1777 δράκοντος.
1389 1699 1485 1763 Febr.
1502 1700 1550 1763 17.

479 1815 532 1868 Ιοο.
549 1815 611 1867 Ἠθ’
621 1817 713 1877 οὕτως
725 1815 871 1868 ἐκέλευσεν
884 1816 900 1866 δ
919 1816 1046 1879 βασιλεὺς
1060 1819 1232 1881 συναχθῆναι
1250 1816 1317 1878 τοὺς
1329 1817 1500 1881 ἄρχοντας...

357 1904 512 2007 13.(F01.
549 1931 720 2009 new-124.)
748 1930 823 2006 Βίος
849 1932 898 1992 καὶ
935 1930 1075 1994 πολιτεία
1099 1934 1159 1994 τοῦ
1183 1931 1277 2007 ἁγίου
1300 1930 1460 1995 Ἀλεξίου
1488 1934 1549 1994 τοῦ

314 2047 490 2126 ἀνθρώπου
506 2050 566 2110 τοῦ
582 2046 677 2109 θεοῦ.
688 2072 721 2091 ²
736 2046 837 2110 10342.
1384 2046 1481 2112 Ma‘rt.
1501 2046 1548 2110 17.

478 2163 546 2217 Slsso
558 2163 698 2230 paululum
711 2166 825 2217 mutato.

358 2286 412 2343 14.
436 2277 688 2361 (Fol.134-140.)
703 2278 889 2355 Μαρτύριον
904 2281 963 2341 τοῦ
975 2279 1067 2353 ἁγίου
1090 2277 1223 2343 ἐνδόξου
1240 2281 1289 2341 καὶ
1304 2258 1544 2357 μεγαλομάρτυ·

315 2417 373 2474 ρος
406 2395 613 2472 θεοδώρου
651 2398 709 2458 τοθ
746 2394 967 2471 στρατηλάτου
1004 2395 1271 2472 μαρτυρήσαντος
1307 2395 1342 2458 ἐν
1379 2395 1548 2477 Ἡρακλείᾳ

313 2511 443 2576 Πόντου
457 2512 505 2574 ἐπὶ
520 2510 657 2574 Λικινίου
675 2511 840 2587 βασιλέως.
897 2509 923 2573 Β
937 2510 963 2573 1.
1408 2510 1503 2575 Febr.
1514 2512 1545 2574 8.

357 2668 412 2725 15.
434 2658 513 2741 (Fol.
532 2658 705 2740 1992206.)
717 2658 791 2734 Βίος
813 2659 862 2720 καὶ
876 2657 1017 2721 πολιτεία
1029 2662 1087 2720 τοῦ
1100 2658 1203 2735 τιμίου
1220 2660 1269 2720 καὶ
1289 2657 1383 2735 ἁγίου
1408 2657 1544 2741 ἐνδόξου

311 2777 485 2854 προφήτου
498 2772 687 2852 προδρόμου
706 2775 756 2835 καὶ
768 2776 944 2849 βαπτιστοῦ
968 2771 1141 2836 Ἰωάννου
1159 2774 1207 2835 καὶ
1223 2772 1382 2850 ἐγκώμιον
1399 2776 1544 2852 περὶτῆς

311 2896 370 2969 γῆς
386 2892 435 2953 καί
449 2895 506 2967 τῆς
521 2888 690 2965 θαλάσσης
705 2890 754 2951 καὶ
774 2890 845 2965 περὶ
859 2893 916 2965 τής
937 2889 1133 2975 τελειώσεως
1147 2887 1248 2951 αὐτοῦ
1271 2889 1407 2966 καὶπερὶ
1422 2889 1543 2966 έτέρων

312 3006 483 3084 θαυμάτων
499 3008 548 3069 καὶ
564 3006 758 3071 ἀποδείξεων
773 3005 794 3067 ἃ
808 3004 983 3069 συνέθεντό
993 3024 1077 3081 τινες
1087 3006 1194 3068 πιστοὶ
1209 3002 1332 3081 ἄνδρες.
1409 3004 1478 3068 Iun.
1489 3005 1540 3069 24.

478 3123 531 3176 λιιι..
541 3121 584 3175 Ἔν
596 3124 656 3185 ταῖς
668 3123 783 3188 ἡμέραις
794 3121 922 3187 Ἡρώδου
935 3125 987 3174 τοθ
1000 3121 1135 3186 βασιλέως
1147 3123 1197 3186 τῆς
1207 3119 1340 3183 Ἰουδαίας
1350 3120 1385 3186 ήν
1397 3137 1439 3185 τις
1453 3121 1543 3186 ἱερεὺς

444 3251 476 3260 -
490 3223 550 3276 Des.
563 3221 608 3275 καί
617 3222 701 3288 ἀνέβη
715 3222 891 3288 ὀρχήσασθαι
903 3221 933 3273 ἐν
946 3220 1120 3287 συμποσίῳ...
1131 3220 1211 3286 ἀμήν.
1461 3216 1464 3224 “

357 3361 411 3419 16.
433 3353 511 3435 (Fol.
523 3354 699 3435 ww.)
714 3354 817 3431 Λόγος
832 3352 967 3431 Μάρκου
986 3356 1128 3430 μοναχοῡ
1147 3355 1217 3430 περὶ
1239 3357 1298 3416 τοῦ
1314 3354 1539 3432 πρεσβυτέρου

312 3471 362 3534 καί
376 3474 434 3534 τοῦ
448 3470 576 3534 παιδίου
592 3474 651 3533 τοῦ
664 3471 893 3548 βαπτισθέντος
908 3471 956 3532 καὶ
978 3470 1048 3547 περὶ
1063 3472 1122 3532 τοῦ
1138 3473 1281 3548 μοναχοῦ
1298 3470 1475 3548 Γρηγορίου
1494 3470 1542 3532 καὶ

313 3588 431 3666 ἐτέρων
446 3586 649 3651 ἀποδείξεων.

477 3704 531 3757 lnc.
547 3702 578 3757 ‘0
600 3704 685 3766 αὐτὸς
707 3704 742 3757 Μ.
765 3706 885 3768 μοναχός
904 3704 1060 3770 διηγήσατο
1081 3704 1124 3755 ὅτι
1142 3704 1172 3755 ἐν
1185 3706 1245 3766 ταῖς
1257 3704 1372 3769 ἡμέραις
1394 3707 1454 3756 τών
1469 3707 1543 3768 βασι-

443 3803 515 3855 λέων
527 3802 648 3864 Λέοντος
661 3801 705 3854 καί
716 3803 894 3867 Ἀλεξάνδρου
908 3802 1003 3867 ἅρχων
1015 3816 1081 3863 τις...
1094 3801 1227 3866 ήγώρασε
1240 3802 1335 3853 παῖδα.

476 3901 532 3954 βοΙ.
544 3902 593 3954 108
611 3921 616 3954 :
636 3900 707 3967 Περί
722 3905 774 3953 τοθ
788 3904 911 3965 μοναχοθ
932 3898 1113 3966 Γρηγορίου...
1134 3898 1164 3952 Ὁ
1178 3900 1289 3962 αὐτὸς...
1308 3900 1352 3952 ὅτι
1365 3899 1488 3963 μονσχός
1501 3914 1543 3961 τις

444 4002 579 4067 εὐβλαβής
591 4002 742 4065 λεγόμενος
756 4000 935 4066 Γρηγόριος...

356 4123 410 4180 17.
435 4116 513 4198 (Fol.
526 4116 700 4197 fluv-⁶217.)
709 4117 844 4193 Ἕτερος
860 4114 957 4192 λόγος
969 4116 1018 4177 κἀὶ
1030 4116 1177 4192 διήγησις
1187 4114 1272 4178 πάνυ
1290 4115 1456 4193 ὠφέλιμος
1471 4115 1543 4191 περὶ

311 4237 370 4297 τοῦ
382 4234 571 4312 Σαρακηνοῡ
587 4235 646 4296 τοῦ
661 4232 953 4309 πιστεύσαντοςέίς
970 4232 1026 4322 τὸν
1039 4231 1151 4308 κύριον
1168 4231 1258 4308 ἡμών
1274 4230 1300 4294 Ἰ.
1313 4231 1345 4294 Χ.
1359 4233 1409 4294 καί
1425 4252 1542 4310 μαρτυ-

313 4350 475 4427 ρήσαντος
490 4349 538 4411 ἐπὶ
553 4354 610 4427 τῆς
622 4348 783 4426 βασιλείας
799 4348 974 4425 Μήρμηνος
994 4351 1053 4410 τοῦ
1077 4349 1155 4410 κατὰ
1176 4352 1233 4424 τής
1255 4346 1355 4426 αὐτῆς
1381 4348 1542 4426 αἱρέσεως

312 4465 540 4544 βασιλεύοντος
548 4469 613 4527 τών
623 4465 820 4542 Σαραιιηνών
831 4469 888 4541 τής
899 4464 1016 4541 Συρίας
1028 4465 1076 4526 καὶ
1091 4463 1232 4541 Ἀραβίας
1244 4465 1293 4526 καὶ
1305 4463 1540 4543 Ἱεροσολύμων

311 4585 370 4645 τοῦ
383 4582 484 4644 αὐτοῦ
499 4581 633 4659 Μάρκου
648 4584 799 4658 μοναχοθ.
815 4621 846 4640 =
861 4580 887 4642 B
901 4580 948 4656 14,
960 4579 1032 4643 stilo
1045 4579 1182 4644 diverso.

357 4737 411 4796 18.
433 4729 750 4813 (k'01.2024*-238.)‘fl
767 4731 984 4807 κοίμησιςτής
1005 4729 1230 4806 παναχράντου
1254 4728 1428 4806 δεσποίνης
1452 4733 1544 4806 ήμών
