3284 5536
434 388 525 441 οισι..
552 389 633 441 ιιιτ.
660 389 774 442 mus.
793 410 839 422 —
866 389 945 442 αοο.
972 386 1048 441 ιιιι.
1285 368 1354 440 ῦῦί

162 583 195 641 5.
219 575 298 659 (Κοί.
314 578 449 662 35-10’.)
463 579 530 643 Τοῦ
546 578 581 643 ἐν
603 578 705 657 ἁγίοις
719 581 842 658 πατρὸς
857 581 948 658 ἡμῶν
963 579 1131 643 Βασιλείου
1154 578 1356 658 άρχιεπισκό-

109 710 185 754 που
199 692 423 771 Καππαδοκίας
435 694 593 773 ἐγκώμιον
604 694 649 772 εἰς
661 697 739 772 τοὺς
753 695 1047 773 τεσσαράκοντα
1069 692 1355 773 μάρτυραςεΒ.

285 809 351 864 Fine
362 811 490 866 mutilum
505 830 511 864 :
560 812 754 878 ἀποδημοῦντι
766 810 848 877 ἀνδρί
859 811 912 877 τήν
925 811 1064 864 ἐπάνοδον
1077 810 1218 877 αίτουμέ...

160 912 193 971 6.
214 908 295 990 (Fol.
309 909 442 993 41·50'.)
455 911 531 989 Ποῦ
544 911 700 988 μακαρίου
717 910 862 987 Ἀνδρέου
887 910 1009 988 Κρήτης
1024 913 1083 973 τοῦ
1099 909 1354 988 Ἱεροσολυμίτου

106 1022 218 1101 λόγος
231 1024 275 1101 είς
288 1026 347 1089 τὸν
364 1024 594 1103 εῦαγγελισμὸν
610 1030 668 1103 τῆς
683 1024 857 1104 ῦπεραγίας
878 1024 1094 1103 Θεοτόκου.]

285 1138 365 1195 Ιιιίίίο
377 1140 522 1195 mutilum:
569 1139 615 1193 καί
627 1141 694 1194 ὅθεν
705 1141 826 1208 ήκοντος
838 1144 891 1194 τοῦ
904 1141 1026 1205 ἀγγέλου
1037 1140 1153 1207 Γαβριὴλ
1164 1140 1192 1195 ἐξ
1204 1141 1322 1206 ὕψους...

159 1245 193 1302 7.
214 1237 295 1320 (Fol.
320 1238 455 1322 mov.)
477 1238 715 1318 Κρυσοστόμου
732 1240 890 1317 ἐγκώμιον
911 1239 955 1316 είς
968 1240 1026 1303 τόν
1050 1238 1281 1317 εῦαγγελισμόν
1296 1243 1354 1318 τῆς

111 1351 294 1431 ῦπεραγίας
309 1354 484 1432 δεσποίνης
499 1353 591 1432 ἡμῶν
613 1353 818 1418 Θεοτόκου.
837 1385 871 1405 --
891 1352 1009 1418 152918.

157 1473 190 1531 8.
214 1467 294 1550 (Καί.
309 1468 444 1551 57-67’.)
458 1467 526 1532 Τοῦ
539 1468 573 1532 ἐν
585 1467 688 1546 ἁγίοις
701 1469 825 1546 πατρὸς
836 1468 927 1546 ἡμῶν
938 1467 1137 1547 Σωφρονίου
1151 1467 1353 1547 άρχιεπισκά-

109 1602 180 1646 που
196 1582 431 1661 Ἱεροσολύμων
446 1582 491 1660 είς
504 1583 563 1647 τὸν
578 1583 648 1661 βίον
669 1587 726 1661 τῆς
740 1582 835 1660 ὁσίας
860 1582 1006 1661 Μαρίας
1032 1587 1089 1661 τῆς
1114 1582 1295 1660 Αἰγυπτίας.
1318 1612 1349 1633 =
1447 1558 1449 1562 Ι

111 1697 154 1762 Β.
1229 1697 1309 1780 Αρτ.
1325 1697 1353 1761 1.

156 1819 190 1878 9.
212 1812 443 1895 (F01.67v-77.)
459 1813 533 1890 Βίος
549 1814 598 1875 καὶ
613 1812 754 1876 πολιτεία
764 1816 823 1876 τοῦ
840 1812 936 1877 ὁσίου
957 1813 1080 1891 πατρὸς
1096 1812 1187 1890 ἡμῶν
1208 1812 1350 1892 Ἰωσήφ

111 1931 174 1992 τοῦ
194 1928 412 2007 ῦμνογράφου
438 1928 599 2006 πρότερον
621 1930 678 2005 μὲν
696 1931 839 2007 μοναχοῡ
860 1930 910 1991 καί
924 1928 1149 2006 πρεσβυτέρου
1164 1928 1349 2006 γεγονότος,

112 2042 222 2108 ἔπειτα
236 2045 334 2107 δὲκαὶ
348 2047 413 2107 τιῦν
429 2042 524 2121 ἱεριῦν
546 2045 596 2106 καὶ
612 2042 792 2121 ῦπερτίμων
808 2046 937 2107 σκευῶν
959 2047 1016 2120 τῆς
1030 2045 1089 2106 τοῦ
1112 2041 1198 2107 Θεοῦ
1215 2041 1353 2122 μεγάλης

116 2158 288 2237 ἐκκλησίας
310 2159 416 2237 φύλαξ
437 2157 664 2236 προχειρίίεται
689 2159 776 2236 παρὰ
797 2158 965 2221 Βασιλεὶου
984 2155 1130 2234 ἄνακτος,
1146 2159 1350 2236 συγγραφεὶς

113 2274 203 2351 παρὰ
227 2272 425 2352 θεοφάνους
450 2276 593 2351 μοναχοῡ
622 2274 846 2351 πρεσβυτέρου
878 2273 928 2335 καὶ
950 2272 1133 2350 ἡγουμένου
1160 2276 1218 2351 τῆς
1248 2271 1350 2337 αὐτοῦ

137 2408 157 2452 ο
182 2393 196 2409 ”
219 2438 227 2451 .
1227 2387 1257 2452 Α
1280 2407 1306 2452 r.
1322 2388 1350 2453 3.

114 2409 136 2466 μ
158 2408 218 2467 vm
280 2487 335 2541 lnc.
353 2487 542 2540 Πολλιῦντιῦν
555 2487 585 2541 έν
595 2486 730 2550 ποικίλοις
743 2487 965 2552 διαλαμψάντων
975 2487 1201 2553 πλεονεκτήμασι
1213 2408 1351 2554 μαέητιδν

247 2602 321 2653 φημι
332 2614 365 2623 -
376 2586 440 2639 Des.
451 2588 512 2650 ταῖς
524 2585 569 2639 καί
582 2586 818 2652 ἀνεπιβούλευτον
835 2585 1010 2652 διατήρησαν
1031 2585 1109 2649 ὅπως
1130 2586 1216 2641 δόξαν
1229 2587 1351 2653 ἀναπέμ-

247 2699 371 2749 πωμεν...
385 2683 468 2749 ἀμήν.

159 2788 214 2845 10.
236 2779 447 2863 (F01.77-87.)
471 2780 657 2857 Μαρτῦριον
674 2782 734 2843 τοῦ
760 2778 853 2855 ἁγίου
877 2780 926 2842 καὶ
952 2778 1086 2843 ἐνδόξου
1113 2778 1349 2858 ίερομάρτυρος

114 2897 233 2975 Καρτε
240 2897 326 2975 ρίου
348 2898 408 2959 τοῦ
425 2894 645 2971 Καππάδοκος.
1229 2894 1308 2977 Αρτ.
1319 2893 1349 2958 6.

280 3011 336 3065 lnc.
350 3011 553 3074 Βασιλεῦοντος
565 3011 771 3077 Διοκλητιανοῦ
784 3013 836 3062 τοῦ
857 3010 1049 3074 ἀσεβεστάτου
1072 3009 1116 3063 καί
1131 3010 1301 3077 παρανόμου
1320 3011 1350 3064 ἐν

244 3116 280 3178 τή
294 3110 476 3176 Νικομηδέων
487 3111 567 3163 πόλει
579 3137 610 3147 -
623 3109 687 3162 Des.
698 3111 757 3172 τοῖς
769 3109 824 3174 γὰρ
836 3112 905 3161 πᾶσι
923 3110 959 3161 τὰ
975 3110 1069 3162 πάντα
1080 3110 1228 3175 γινόμενος
1241 3110 1257 3162 δ
1270 3109 1349 3174 άγιος

248 3210 380 3276 μάρτυς...
393 3208 475 3274 ἀμήν.

155 3314 211 3370 11.
230 3304 475 3389 (F01.87v-92v.)
491 3304 678 3382 Μαριῦριον
693 3307 759 3367 τῶν
782 3302 881 3380 ἁγίων
902 3305 953 3366 καὶ
967 3304 1109 3369 ἐνδόξων
1130 3307 1190 3368 τοῦ
1206 3304 1347 3383 Χριστοῦ

110 3421 286 3500 μαρτύρων
308 3419 521 3498 Τερεντίου,
543 3417 743 3497 Ἀφρικανοῦ,
759 3418 915 3496 Μαξίμου,
937 3418 1087 3496 Πομπίου
1111 3421 1232 3498 καὶτῆς
1247 3435 1347 3483 συνο-

111 3538 181 3615 δίας
195 3535 304 3600 αὐτῶν
317 3536 376 3599 τὸν
388 3534 522 3613 ἀριθμὸν
538 3534 576 3613 μ’.
591 3533 675 3597 =B.
1199 3534 1344 3617 Apr.10.

154 3658 209 3717 12.
232 3650 474 3733 (F01.92v-95'.)
497 3650 684 3728 Μαρτύριον
709 3649 743 3713 έν
768 3650 921 3732 συντόμῳ
947 3653 1006 3713 τοῦ
1028 3649 1120 3726 ἁγίου
1145 3652 1195 3713 καί
1210 3650 1345 3716 ἐνδόξου

110 3766 394 3846 μεγαλομάρτυρος
416 3765 623 3844 Θεοδώρου
646 3767 706 3827 τοῦ
719 3765 753 3827 ἐν
768 3764 877 3847 Πέργῃ
895 3769 951 3843 τής
965 3765 1162 3844 Παμφυλίας
1184 3767 1345 3844 μαρτυρή-

111 3898 241 3960 σαντος.
1203 3881 1282 3963 Αρτ.
1297 3881 1347 3945 19.

275 3988 331 4042 Ιιια.
342 3988 435 4052 Οῦτος
444 3987 542 4042 τοίνυν
552 3988 567 4040 δ
578 3988 657 4052 όγιος
666 3987 711 4040 καὶ
720 3988 833 4050 ἔνδοξος
843 3988 950 4054 μάρτυς
959 3992 1012 4042 τοῦ
1022 3989 1143 4054 Χριστοῦ
1153 3989 1304 4054 θεόδωρος
1313 4016 1347 4027 -

242 4089 305 4142 Des.
318 4089 353 4141 τό
366 4088 429 4142 καθ’
439 4089 520 4155 ἡμιῦν
532 4089 727 4153 χειρόγραφον
739 4092 798 4139 τῶν
810 4087 956 4153 ἁμαρτιῶν
969 4088 1135 4155 διαρρήξει...
1148 4089 1230 4155 ἀμήν.

154 4196 210 4253 13.
232 4187 312 4271 (Fol.
327 4187 468 4269 95-107.)
491 4188 564 4264 Βίας
579 4189 628 4249 καὶ
651 4187 793 4249 πολιτεία
808 4187 858 4249 καὶ
880 4189 988 4265 μερική
1004 4187 1177 4265 θαυμάτων
1199 4188 1345 4265 διήγησις

107 4307 169 4367 τοῦ
181 4304 216 4367 ἐν
226 4303 330 4381 ἁγίοις
343 4304 466 4381 πατρὸς
481 4302 571 4380 ἡμῶν
584 4303 633 4363 καὶ
646 4304 896 4377 θαυματουργοῦ
919 4302 1128 4379 Θεοδώρου
1152 4306 1211 4365 τοῦ
1224 4303 1344 4366 Σικεὼν

108 4418 290 4481 ἐπισκόπου
305 4418 481 4495 γενομένου
497 4415 706 4479 Ἀναστασίου
722 4416 857 4492 πόλεως.
1197 4416 1275 4497 Apr.
1291 4416 1341 4479 22.

273 4532 371 4587 lne.‘0
391 4534 470 4596 δαιος
488 4532 533 4585 καί
553 4533 632 4597 ἁγίας
649 4531 744 4597 πατὴρ
765 4532 846 4598 ὴμιῦν
866 4533 911 4584 καὶ
929 4531 1013 4596 μέγας
1034 4533 1253 4598 θαυματουργός
1275 4532 1305 4586 θ.
1326 4531 1342 4583 δ

238 4632 392 4698 λεγόμενος
403 4632 551 4685 Σικεὼν-
569 4631 631 4684 Des.
649 4632 688 4694 ὡς
708 4631 736 4685 ἐξ
756 4629 867 4683 οίκείων
888 4632 1018 4695 μεγάλων
1039 4632 1160 4696 άγὼνων
1181 4630 1226 4683 καί
1245 4631 1343 4684 πόνων

239 4733 428 4798 όακητικιῦν...
440 4729 522 4797 ἁμήν.
