3284 5536
509 374 601 425 οισι..
628 373 708 426 ιιιτ.
736 375 848 427 mus.
868 395 916 405 -
941 375 1022 428 σου.
1049 375 1124 426 ιιιτ.
1362 356 1434 428 265

244 570 299 627 14.
322 563 402 644 (Fol.
427 563 599 645 110-122'.)
620 564 806 642 Μαρτόριον
830 567 890 627 τοῦ
911 563 1005 642 ἁγίου
1022 565 1072 628 καὶ
1087 564 1221 630 ἐνδόξου
1239 564 1434 643 μεγαλομάρ-

199 699 298 757 τυρος
320 678 690 757 Παντελεήμονος.Ξ
705 679 822 743 144711
1217 668 1231 694 “

243 802 298 859 15.
320 794 400 876 (Fol.
425 795 584 874 138-142.)
598 796 734 873 Πρὰξεις
748 799 807 859 τοῦ
823 794 916 871 ἁγίου
939 794 1127 859 ἀποστόλου
1151 796 1273 873 Θωμῦ.
1285 840 1318 860 =
1333 796 1360 859 B
1377 796 1403 874 1,
1415 816 1435 859 1.

244 915 298 973 16.
321 909 401 985 (Fol.
410 911 583 993 1421431.)
592 910 738 989 Ἀθλησις
750 914 809 974 τοῦ
825 909 918 987 ἁγίου
931 911 1214 989 μεγαλομάρτυρος
1237 911 1434 988 ’ίσιδῶρου

199 1026 258 1086 τοῦ
274 1024 309 1088 ἐν
324 1024 387 1106 Χίῳ
405 1027 680 1105 μαρτυρήσαντος.
1300 1025 1373 1089 Mai.
1388 1025 1435 1089 14.

367 1139 422 1193 Ine.
435 1140 527 1203 Οῦτος
541 1141 557 1193 ό
577 1141 741 1205 θαυμαστός
754 1139 800 1193 καί
812 1139 897 1205 μέγας
915 1141 1023 1206 μάρτυς
1034 1137 1176 1206 Ἰσίδωρος
1189 1141 1229 1193 ῶν
1242 1139 1285 1193 ἐπὶ
1296 1143 1348 1206 τής
1361 1143 1435 1206 βασι·

333 1237 407 1302 λείας
427 1238 576 1292 Δεκίου-
598 1239 659 1292 Des.
670 1241 823 1305 περικαλλῆ
845 1238 891 1293 καὶ
911 1240 1018 1305 ῶραῖον
1039 1239 1169 1306 ἀνήγειρε
1188 1239 1434 1303 Κωνσταντίνοςδ

337 1338 532 1402 Πογονὰτος...
545 1339 627 1406 ἁμήν.

244 1439 300 1495 17.
322 1431 401 1514 (Fol.
419 1433 590 1514 150-157'.)
601 1434 787 1511 Μαρτύριον
799 1437 858 1497 τοῦ
871 1433 964 1509 ἁγίου
981 1434 1030 1495 καὶ
1050 1432 1185 1498 ἐνδόξου
1202 1432 1435 1512 ἱερομάρτυρος

204 1547 381 1611 Βλασίου.
392 1589 424 1609 =
438 1548 475 1612 B.

244 1668 298 1727 18.
321 1663 400 1745 (Fol.
430 1664 602 1747 158162.)
628 1664 701 1740 Βίας
728 1665 777 1725 καὶ
806 1662 946 1727 πολιτεία
975 1667 1034 1726 τοῦ
1061 1661 1153 1739 ἁγίου
1187 1663 1346 1730 Ἀλεξίου
1375 1667 1434 1727 τοῦ

201 1775 376 1855 ἀνθρώπου
391 1783 451 1843 τοῦ
468 1780 563 1844 θεοῦ.
578 1810 612 1831 =
630 1777 715 1842 390¹.

365 1893 426 1948 Non
436 1895 549 1949 omnino
558 1894 672 1962 integra.

244 1997 298 2056 19.
321 1991 403 2073 (Fol.
427 1992 587 2072 163-167.)
609 1991 797 2070 Μαρτῦριον
818 1995 884 2055 τῶν
909 1990 1008 2067 ἁγίων
1029 1993 1322 2070 τεσσαράκοντα
1343 2013 1434 2071 μαρ-

201 2107 327 2184 τύρων
347 2112 413 2173 τῶν
425 2108 459 2173 ἐν
473 2108 648 2191 Σεβαστείᾳ
658 2114 696 2192 τῇ
712 2108 802 2190 λίμνῃ
815 2107 1101 2186 μαρτυρησάντων.
1117 2151 1150 2171 =
1168 2108 1269 2172 1164'.

242 2228 300 2287 20.
322 2223 402 2306 (Fol.
416 2224 590 2306 173487'.)
604 2224 790 2302 Μαρτῦριον
804 2226 864 2286 τοῦ
876 2221 969 2299 ἁγίου
982 2224 1032 2286 καί
1048 2223 1182 2289 ἐνδόξου
1198 2223 1435 2302 μεγαλομάρτυ·

202 2358 260 2415 ρος
271 2342 331 2402 τοῦ
346 2339 485 2417 Χριστοῦ
508 2340 691 2418 Γεωργίου
714 2342 773 2403 τοῦ
790 2339 1009 2416 Καππάδοκος.
1021 2338 1095 2404 =B
1112 2339 1138 2402 1.

242 2458 299 2518 21.
322 2453 1016 2538 (δὀλ188-1921)ὈπτασίαΚωνσταντίνου
1032 2457 1091 2518 τοῦ
1108 2454 1142 2517 ἐν
1157 2454 1259 2531 ἁγίοις
1275 2456 1433 2532 βασιλέως

203 2571 251 2630 καὶ
267 2568 397 2649 εῦρεσις
410 2574 470 2634 τοῦ
485 2570 587 2646 τιμίου
604 2572 653 2633 καὶ
669 2574 834 2636 Ζωοποιοῦ
857 2574 1041 2647 σταυροῦ.

364 2685 527 2751 Ιιια.“Ετυυς
544 2689 744 2741 διακοσιοστοῦ
765 2691 937 2752 τριακαστοῦ
954 2685 1052 2752 τρίτου
1072 2687 1142 2750 μετὰ
1162 2686 1215 2752 τήν
1236 2685 1273 2749 είς
1295 2683 1434 2752 οὐρανοὺς

332 2786 438 2839 ἄνοδον
447 2791 500 2840 τοῦ
512 2787 672 2853 Σωτῆρος...
690 2814 723 2823 -
742 2786 803 2839 Des.
816 2790 868 2838 νῦν
880 2786 1043 2851 ἐγνώκαμεν
1055 2784 1093 2849 είς
1105 2784 1167 2838 τίνα
1184 2787 1434 2851 πεπιστεύκαμεν...

332 2885 351 2937 ἀ
390 2903 415 2938 ν.

243 2989 300 3047 22.
322 2885 575 3066 (31222230.)
599 2983 773 3060 Νεκταρίου
790 2981 1040 3061 ἁρχιεπισκόπου
1064 2981 1435 3058 Κωνσταντινουπόλεως

201 3100 345 3177 διήγησις
357 3098 395 3162 δι’
411 3101 450 3178 ἣν
465 3099 564 3162 αἰτίαν
579 3100 616 3162 τὸ
632 3102 763 3176 πρῶτον
779 3098 943 3176 σάββατον
954 3101 1019 3160 τῶν
1035 3097 1136 3173 ἁγίων
1147 3101 1304 3175 νηστειῶν
1320 3096 1432 3174 ἑορτά-

202 3216 295 3289 ζομεν
310 3214 368 3289 τήν
383 3213 506 3290 μνήμην
531 3215 590 3275 τοῦ
606 3211 699 3288 ἁγίου
722 3210 1005 3289 μεγαλομάρτυρος
1027 3210 1234 3288 Θεοδώρου
1258 3213 1316 3273 τοῦ
1332 3211 1434 3287 τήρω-

200 3348 257 3404 νος
272 3329 403 3406 καὶπερὶ
419 3327 568 3406 νηστείας
583 3328 633 3389 καὶ
648 3326 876 3405 ἐλεημοσύνης.
888 3369 920 3391 =
933 3325 960 3389 B
972 3325 1000 3388 3.

884 3441 1039 3524 Σαββάτῳ
1051 3441 1170 3523 πρῶτῳ
1187 3445 1251 3504 τῶν
1262 3444 1431 3519 νηστειῶν.

240 3556 590 3641 23.(1ὀί.230’-237.)
615 3558 773 3634 Διήγησις
796 3556 1058 3635 διαλαμβάνουσα
1079 3559 1236 3633 περὶτῶν
1260 3557 1360 3632 ἁγίων
1383 3558 1433 3619 καὶ

200 3678 326 3738 σειττῶν
345 3674 479 3738 είκόνων
501 3675 550 3737 καί
572 3672 662 3749 ὅπως
683 3674 732 3735 καὶ
759 3671 797 3735 δι’
813 3674 852 3751 ἦν
867 3672 967 3735 αἰτίαν
981 3673 1139 3750 παρέλαβε
1154 3674 1212 3750 τήν
1239 3672 1432 3750 όρῦοδοξίαν

200 3791 335 3869 ἐιησίως
348 3792 447 3854 τελεῖν
459 3795 496 3872 τῇ
508 3790 619 3870 πρώτῃ
636 3795 767 3870 κυριακῇ
784 3792 849 3850 τῶν
857 3789 957 3864 ἁγίων
971 3792 1129 3865 νηστειῶν
1145 3788 1163 3864 ἡ
1177 3786 1249 3861 ἁγία
1264 3791 1323 3850 τοῦ
1340 3788 1427 3852 θεοῦ

201 3907 349 3983 καθολική
364 3905 523 3983 ἐκκλησία.
534 3944 567 3963 =
581 3903 780 3986 (Theodora)
794 3903 821 3966 B
836 3903 864 3966 3.
991 3903 1126 3985 Κυριακῇ
1142 3908 1199 3980 τῆς
1215 3901 1431 3980 Ὀρθοδοξίας.

362 4019 430 4072 Stilo
443 4018 560 4072 diverso.

756 4281 886 4353 1557.

234 4515 306 4568 Olim
320 4515 476 4568 monasterii
489 4514 515 4566 S.
526 4514 684 4567 Anaslasiae
697 4517 747 4579 τῆς
761 4511 1022 4578 Φαρμακολυτρίας.

232 4615 406 4677 chartaceus,
419 4613 547 4667 foliorum
558 4614 614 4669 405.
625 4613 720 4675 0231ae
735 4621 759 4669 ><
771 4612 874 4674 02215,
887 4611 958 4665 binis
981 4611 1126 4673 οοίιιτιιιιίιι,
1147 4613 1275 4663 exaratus
1287 4608 1314 4662 in
1333 4608 1431 4662 eodem

201 4713 368 4768 ιιιοιιαείοτίο
381 4713 416 4767 ab
427 4712 527 4767 Acacio
537 4712 675 4765 monacho
685 4727 728 4764 an.
744 4712 814 4764 1567.

1302 4807 1335 4860 33
