3284 5536
200 375 274 446 ἀθά
510 395 603 447 ιιιυι..
629 394 710 446 m.
737 394 851 445 mus,
870 414 917 422 -
942 394 1023 444 con.
1051 392 1127 444 ιειτ.

239 594 273 651 4
295 586 374 667 (rol.
388 585 497 650 50¹·63
509 590 520 668 β
531 585 687 649 Ὀπτασία
701 589 761 647 τοῦ
773 585 913 660 μεγάλου
928 584 1089 661 βασιλέως
1104 584 1344 648 Κωνστανιίνου
1354 587 1411 662 περί

198 703 259 763 τοῦ
273 702 377 777 τιμίου
393 703 443 763 καί
457 704 623 764 Ζωοποιοῦ
645 704 834 779 σταυροῦ.
849 723 881 745 =
896 698 963 762 85.

753 980 885 1055 1652.

232 1153 406 1217 chartaceus,
415 1153 543 1207 ίοῖίοτιιιιι
552 1154 609 1215 271,
618 1156 714 1216 0·‚180
727 1163 753 1211 )<
763 1155 866 1219 θ·.1·11),
876 1155 954 1208 lineis
965 1155 1059 1222 plenis,
1068 1170 1138 1206 saec.
1152 1152 1213 1206 xvl
1223 1157 1360 1206 exaratus.

232 1253 289 1308 Ροί.
303 1255 314 1307 1
327 1253 425 1319 legitur
437 1269 528 1307 rerum
539 1254 687 1307 elenchus:
700 1255 768 1307 τάδε
779 1255 899 1320 περιέχει
911 1255 945 1306 τὸ
956 1256 1050 1319 παρὸν
1063 1253 1168 1317 βιβλίον
1180 1253 1347 1318 διηγήματα

243 1394 273 1450 1.
295 1385 495 1469 (Folfflov.)
508 1386 582 1462 Βίος
593 1389 642 1448 καί
654 1387 794 1448 πολιτεία
806 1389 865 1449 τοῦ
878 1385 975 1448 ὁσίου
987 1387 1110 1461 πατρὸς
1122 1386 1214 1461 ἡμῶν
1230 1384 1424 1461 Ξενοφῶν·

198 1522 264 1580 τος
284 1506 344 1568 τοῦ
356 1505 569 1580 συγκλητικοῦ
582 1505 631 1565 καί
646 1507 702 1579 τῆς
717 1504 869 1578 γυναικὸς
882 1502 983 1565 αὐτοῦ
996 1502 1122 1578 Μαρίας
1146 1504 1196 1563 καί
1219 1505 1286 1564 τιῦν
1311 1501 1421 1563 τὲκιιιιιν

201 1617 308 1684 αὐτῶν
323 1616 472 1681 Ἰωάννου
490 1620 538 1679 καί
552 1618 723 1695 Ἀρκαὸίου.
741 1650 778 1668 =
794 1617 896 1680 16132.

365 1733 420 1788 lnc.
432 1734 598 1800 Διηγήσατό
607 1750 648 1797 τις
662 1735 741 1798 ἀγιος
758 1735 852 1799 γέρων
864 1734 950 1798 μέγας
963 1731 1008 1786 καί
1020 1734 1116 1796 ἔλεγεν
1128 1733 1173 1786 ὁτι
1184 1733 1257 1799 ἦτον
1271 1760 1305 1771 -
1318 1732 1378 1786 Da.
1389 1731 1428 1785 καί

330 1830 368 1894 είς
380 1831 452 1897 ἡμάς
463 1832 498 1883 νά
509 1835 561 1895 μᾶς
571 1830 701 1899 ἀναδείξῃ
711 1830 805 1894 ἀξίους
814 1834 865 1897 τὴς
877 1830 1041 1896 βασιλείας...
1056 1831 1138 1897 ἀμὴν.

241 1935 273 1993 2.
295 1928 374 2009 (Fol.
390 1929 523 2012 21-50v.)
539 1929 612 2005 Βίος
626 1931 674 1991 καί
688 1931 828 1992 πολιτεία
839 1933 897 1992 τοῦ
911 1930 1003 2004 ὁιγίου
1016 1931 1066 1991 καί
1079 1930 1202 1992 δικαίου
1220 1931 1429 2007 Φιλαρὲτου

202 2048 261 2108 τοῦ
274 2045 446 2122 ἐλεήμονος
458 2045 699 2121 τοῦγενομὲνου
713 2044 845 2106 πάππου
858 2045 983 2122 Μαρίας
994 2049 1052 2122 τῆς
1065 2046 1260 2122 βασιλίσσης
1271 2043 1432 2108 Κωνσταν-

200 2160 288 2225 πίνου
304 2164 364 2224 τοῦ
381 2161 547 2237 βασιλέως.
560 2196 589 2203 -
608 2160 725 2223 151012.
1248 2176 1251 2185 ·
1321 2159 1393 2226 Dec.
1407 2161 1433 2224 1.

239 2281 273 2339 3.
295 2273 374 2352 (Fol.
404 2273 534 2356 ὅθ’-93.)
564 2273 750 2351 Μαρτύριον
779 2277 837 2335 τοῦ
866 2274 970 2349 ἁγίου,
986 2275 1120 2338 ἐνδόξου
1151 2275 1432 2352 μεγαλομάρτυρος

196 2389 511 2467 Παντελεήμονος
533 2392 760 2467 μεταφρασθὲν
772 2390 816 2464 είς
827 2392 884 2466 τήν
897 2393 1005 2467 κοινὴν
1016 2393 1161 2465 γλῶτταν
1176 2391 1265 2467 παρὰ
1279 2390 1428 2467 Ἰγνατίου

201 2503 413 2582 ἱερομοναχοῦ
430 2503 474 2580 είς
490 2504 649 2580 ὠφέλειαν
664 2506 729 2564 τῶν
742 2501 939 2565 ἀκουόντων.
1316 2503 1370 2567 lul.
1385 2504 1432 2567 27.

361 2619 415 2672 Ine.
426 2617 458 2671 ΑΙ
468 2617 564 2684 ἑορταί
576 2618 620 2670 καί
633 2617 660 2670 αῖ
676 2618 846 2683 πανηγύρεις
856 2618 894 2680 είς
906 2618 960 2684 τὴν
978 2617 1128 2685 ἐκκλησίαν
1139 2623 1191 2683 μᾶς
1205 2619 1394 2686 εὐλογημένοι
1405 2646 1437 2659 -

329 2718 391 2771 Des.
404 2717 448 2770 καί
461 2719 537 2784 ἡμεῖς
556 2719 720 2781 ἀξιωθῶμεν
730 2720 780 2783 τὴς
794 2716 932 2782 βασιλείας
945 2721 1004 2770 τιῦν
1014 2718 1172 2783 οὐρανῶν...
1187 2719 1270 2784 ἀμήν.

200 2937 259 2998 τοῦ
277 2933 461 3011 Καλυβίτου.
472 2954 504 2973 =
521 2931 556 2995 B.

239 3057 270 3114 5.
293 3048 330 3131 (F
331 3047 371 3112 ol.
383 3047 554 3128 113-1θ51.)
571 3047 644 3123 Βίος
660 3049 708 3108 καί
720 3047 859 3109 πολιτεία
870 3049 928 3110 τοῦ
941 3047 1034 3145 ἁγίου
1051 3047 1208 3111 Ἀλεξίου
1233 3053 1292 3111 τοῦ
1306 3050 1437 3127 ἀνθρώ·

199 3184 263 3228 που
276 3166 335 3228 τοῦ
353 3163 448 3227 θεοῦ.
1274 3163 1371 3228 Mart,
1391 3164 1437 3228 17,

364 3279 418 3333 lnc.
432 3278 474 3342 Είς
487 3280 546 3342 ταῖς
559 3279 673 3344 ἡμέραις
686 3280 736 3343 τῆς
750 3275 888 3342 βασιλείας
906 3275 1039 3343 Ὁνορίου
1052 3277 1097 3330 καί
1108 3277 1252 3343 Ἀρκαὸίου
1262 3307 1296 3317 -
1318 3280 1381 3334 Des.
1393 3284 1439 3337 καί

331 3376 466 3444 ἐποίησαν
482 3376 508 3430 ol
522 3379 640 3442 βασιλεῖς
660 3377 843 3440 κουβοίικλιον
855 3378 900 3428 καί
912 3376 1017 3442 ἔθηκαν
1029 3379 1063 3428 τὸ
1081 3376 1161 3441 ὁγιον
1179 3376 1342 3443 λείψανον...
1355 3379 1437 3445 ἀμὴν.

241 3483 273 3542 θ.
296 3475 374 3558 (Fal.
390 3475 545 3555 126-194.)
563 3476 637 3551 Βίος
652 3476 701 3536 καὶ
712 3474 852 3537 πολιτεία
863 3479 919 3552 τῆς
932 3475 1025 3552 ὁσίας
1038 3477 1158 3553 μητρὸς
1173 3476 1263 3554 ἡμῶν
1288 3477 1436 3556 Εῦπρα·

201 3594 279 3670 ξίας
301 3593 539 3670 μεταφρασθεὶς
552 3592 595 3667 είς
610 3592 667 3667 τήν
683 3593 791 3666 κοινὴν
806 3593 949 3666 γλῶτταν
965 3591 1053 3669 παρὰ
1067 3590 1216 3666 Ἰγνατίου
1233 3596 1293 3655 τοῦ
1307 3593 1341 3657 ἐν
1355 3594 1436 3672 ἱερο-

199 3707 349 3788 μονάχοις
364 3708 542 3786 ἐλαχίστου.
1319 3708 1376 3772 Ιιιί.
1387 3709 1439 3777 25.

364 3822 417 3876 Inc.
427 3823 550 3876 Ἀλλοδέν
564 3822 633 3875 εἶναι
645 3822 848 3887 ποθεινότερον
860 3823 877 3888 ἡ
892 3823 1123 3888 ὠφελημιίιτερον
1134 3852 1167 3860 -
1179 3824 1241 3877 Des.
1254 3824 1300 3877 καῖ
1312 3826 1390 3891 ἡμεῖς
1402 3826 1436 3879 νά

333 3921 540 3984 ἀπολαύσωμεν
550 3919 595 3973 καί
604 3921 639 3971 νά
652 3919 937 3986 κληρονομήσωμεν...
950 3920 1031 3986 ἀμὴν.

242 4029 273 4086 7.
298 4020 376 4103 (Pol.
394 4020 579 4101 194v-225v.)
592 4020 778 4097 Μαρτῦριον
792 4024 849 4097 τῆς
865 4018 955 4096 ἁγίας
968 4022 1027 4082 τοῦ
1043 4019 1182 4096 Χριστοῦ
1198 4021 1435 4100 μεγαλομάρτυ·

203 4157 261 4216 ρος
282 4137 536 4213 Αίκατερίνας.

367 4235 421 4288 ίιισ.
440 4235 481 4298 Είς
494 4235 561 4298 τοὺς
579 4234 783 4299 τριανταπέντε
801 4235 922 4299 χρόνους
941 4235 1013 4287 ὁποῦ
1026 4233 1206 4297 ἐβασίλευσεν
1219 4236 1235 4287 ὁ
1247 4237 1436 4302 παράνομος...

333 4334 486 4397 Μαξέντιος
499 4362 530 4371 -
544 4333 606 4386 Des,
621 4335 693 4386 ὁποῦ
705 4333 759 4399 τὴν
770 4336 992 4398 παρακαλοῦσιν,
1004 4334 1077 4386 ὁποῦ
1091 4335 1143 4398 τὴν
1159 4335 1344 4397 ἀγαποῖισιν...
1356 4336 1436 4402 ἀμήν.

242 4440 275 4498 8.
297 4431 376 4516 (Fol.
385 4432 557 4513 225'2233'.)
570 4432 645 4509 Βίος
658 4435 706 4494 καὶ
719 4433 860 4495 πολιτεία
874 4437 930 4509 της
943 4432 1036 4508 ὁσίας
1048 4435 1171 4510 μητρὸς
1183 4433 1273 4510 ἡμῶν
1288 4434 1435 4512 Μαρίας

201 4554 258 4627 τῆς
273 4548 569 4626 μετονομασθείσης
584 4548 737 4625 Μαρῖνος.

367 4663 511 4718 1ιιο.”Εναν
524 4665 623 4730 καιρὸν
635 4665 705 4729 ἡτὸν
726 4680 767 4726 τις
785 4665 938 4729 ἀνθρωπος
951 4664 985 4716 τὸ
1003 4665 1094 4728 ἀνομά
1106 4681 1158 4716 του
1178 4665 1307 4730 Εῦγένιος
1324 4694 1357 4704 -
1375 4666 1435 4719 θοι.

333 4765 504 4828 ἐμακάρισαν
517 4764 569 4828 τὴν
578 4762 660 4828 ἀγίαν
672 4762 710 4826 είς
721 4765 809 4828 τόσην
819 4764 991 4828 υπομονήν...
1004 4764 1084 4828 ἀμήν.
