3284 5536
325 309 371 388 72
620 332 710 388 aran.
737 332 818 389 nar.
846 331 958 390 rinna.
979 355 1025 369 -
1053 334 1131 392 con.
1159 334 1258 392 ιιιαιι.

858 674 1027 755 irini.

356 907 496 966 Foliorum
515 909 571 976 263,
582 909 678 975 0¹¹,300
691 916 716 968 ><
729 909 831 975 0¹¹²,i05,
844 909 914 963 binis
926 908 1068 974 columnis,
1085 913 1212 964 exaratus
1224 925 1295 962 saec.
1312 905 1369 962 Xli.

357 1001 527 1065 Praeeadunt
545 1011 610 1065 folia
627 1011 682 1065 duo
699 1010 845 1064 chartacea
856 1008 955 1078 quihus
975 1008 1118 1077 inscriptus
1136 1013 1177 1062 ast
1193 1007 1274 1064 πίναξ
1287 1024 1337 1063 sen
1348 1007 1483 1062 elenchus
1496 1022 1561 1061 eon·

324 1113 473 1165 tentorum.
496 1101 498 1104 ’

357 1209 515 1265 omittimus
534 1209 689 1276 singillatim
708 1224 852 1264 recensere
872 1206 1000 1262 homilias
1019 1207 1117 1276 quibus
1138 1206 1182 1260 hie
1201 1206 1270 1261 liber
1289 1206 1405 1260 refertus
1422 1209 1472 1271 ssi,
1493 1221 1563 1275 quas

292 1285 298 1297 ⁵
325 1311 394 1366 inter
403 1310 489 1364 habes
499 1309 624 1363 Andreae
635 1308 772 1364 Cretensis
781 1308 856 1362 horn.
868 1308 903 1362 de
915 1302 1059 1362 Nativitaie
1066 1307 1096 1362 B.
1105 1306 1164 1362 nv
1176 1305 1218 1373 (=
1224 1306 1285 1374 Ba)
1295 1306 1407 1374 Georgii
1419 1305 1563 1360 Nicomed.

325 1412 360 1465 de
376 1409 597 1465 Praesentaiiona
609 1410 651 1474 (=
663 1409 694 1462 B.
702 1408 753 1472 2³),
766 1407 793 1462 S.
804 1407 933 1461 Iohannis
945 1406 1134 1475 chrysostomi
1146 1407 1180 1460 de
1191 1405 1237 1461 SS.
1249 1406 1331 1461 Patro
1349 1410 1376 1460 et
1388 1406 1483 1470 Paulo,
1495 1409 1525 1459 et
1536 1405 1565 1458 in

325 1507 541 1564 Decollationem
552 1507 579 1561 S.
588 1507 648 1562 ioh.
656 1505 802 1575 Baptistae,
809 1505 835 1561 S.
845 1505 976 1561 Iohannis
989 1505 1150 1561 Damasceni
1161 1506 1190 1560 in
1202 1506 1404 1561 Dormitionam
1417 1505 1562 1574 Deiparae.

370 1685 400 1742 1.
422 1675 501 1760 (Fol.
517 1674 616 1757 8-14.)
637 1673 672 1737 Ἠ
689 1672 822 1753 ὓψωσις
836 1677 895 1738 τοῦ
911 1675 1013 1753 τιμίου
1030 1677 1079 1738 καὶ
1094 1679 1258 1741 ζωοποιοίι
1281 1677 1464 1753 σταυροῦ.
1479 1673 1565 1752 Περί

326 1797 384 1872 τῆς
408 1793 636 1870 ἀναζητήσεως
659 1792 709 1854 καί
732 1790 895 1869 εὑρέσεως
916 1789 1017 1855 αὐτοῦ
1034 1790 1083 1855 ἐπὶ
1106 1791 1349 1856 Κωνσταντίνου
1366 1792 1416 1854 καὶ
1431 1789 1568 1868 Ἑλένης

326 1911 392 1972 τῶν
407 1907 508 1983 ἁγίων
524 1907 573 1968 καὶ
585 1904 739 1983 ἀοιδίμων
755 1905 926 1983 βασιλέων.
1407 1904 1497 1988 Sept.
1516 1904 1569 1969 14.

490 2021 545 2076 Ine.
564 2021 608 2076 Ἐν
625 2023 681 2076 έτει
699 2021 810 2089 ἑβδόμῳ
822 2025 873 2089 τῆς
888 2021 1026 2086 βασιλείας
1048 2021 1265 2077 Κωνσταντίνου
1279 2026 1331 2076 τοῦ
1344 2023 1468 2088 μεγάλου
1488 2025 1569 2088 βασι·

459 2122 529 2185 λέως
551 2121 734 2189 συνήχθησαν
755 2149 788 2160 -
819 2121 881 2175 Des.
900 2121 946 2175 ίνα
967 2122 1030 2175 ὅσοι
1050 2123 1259 2189 μνημονεύουσι
1276 2126 1329 2176 τοῦ
1352 2126 1483 2189 σταυροῦ
1512 2125 1568 2175 τοί)

458 2223 580 2288 Χριστοῦ
592 2221 699 2282 τύχωσι
710 2223 762 2287 τῆς
774 2219 886 2287 μερίδος
898 2224 949 2288 τῆς
962 2222 1134 2276 Θεοτόκου...
1147 2222 1228 2288 ἀμήν.

368 2326 402 2384 2.
423 2318 503 2402 (rol.
513 2319 840 2402 18-23'.)‘Yn6nvnnn
851 2320 895 2398 είς
905 2321 963 2384 τὸν
975 2319 1067 2397 ἅγιον
1079 2323 1128 2384 καί
1143 2321 1356 2400 πανεύφημον
1372 2319 1564 2386 ἀπόστολον

326 2439 385 2500 τοῦ
402 2435 540 2513 Χριστοῦ
565 2434 866 2512 Θωμᾶνε774ῑῖ.
1450 2435 1522 2501 Oen
1533 2437 1562 2501 6.

368 2576 400 2634 3.
423 2567 502 2652 (For.
527 2567 676 2651 83v-91v.)
697 2567 856 2646 Διήγησις
877 2569 985 2647 μερικη
1011 2570 1061 2631 καί
1077 2569 1275 2648 ψυχωφελής
1297 2567 1512 2647 ἀθροισθεῖσα
1527 2570 1561 2634 ἐκ

327 2685 497 2765 διαφόρων
509 2685 670 2763 ἱστορίων,
683 2684 719 2748 τό
733 2686 769 2747 δέ
782 2686 935 2748 πλεῖστον
948 2683 983 2747 ἐκ
993 2689 1050 2762 τῆς
1062 2684 1106 2762 είς
1116 2685 1174 2748 τὸν
1182 2683 1344 2763 Θεόφιλον
1355 2686 1413 2750 τὸν
1428 2687 1565 2765 βασιλέα

326 2799 563 2879 ἀποσταλείσης
591 2800 788 2879 πολυστίχου
819 2800 991 2879 ἐπιστολῆς
1021 2801 1108 2879 παρὰ
1135 2804 1201 2864 τῶν
1229 2801 1401 2879 προέδρων
1434 2805 1494 2866 τοῦ
1529 2822 1565 2866 τε

326 2916 563 2995 Ἀλεξανδρείας,
589 2915 771 2996 Ἀντιοχείας
796 2918 846 2980 καί
877 2915 1110 2994 Ἱεροσολύμων
1132 2917 1203 2995 περί
1228 2920 1287 2981 τοῦ
1310 2920 1376 2981 δεῖν
1396 2920 1489 2996 τιμᾶν
1514 2918 1565 2981 καί

326 3033 524 3110 προσκυνεῖν
539 3031 597 3108 τὰς
611 3034 678 3094 τῶν
693 3030 795 3107 ἁγίων
810 3030 930 3107 σεπτὰς
946 3031 996 3093 καί
1007 3029 1094 3109 ἱερὰς
1109 3030 1243 3108 εἰκόνας.

1136 3145 1272 3229 Κυριαιιῇ
1287 3149 1344 3225 τῆς
1359 3145 1564 3224 όρθοδοξίας.

493 3262 549 3316 lna.
567 3260 595 3315 Εί
606 3259 652 3314 καί
663 3266 698 3329 τῇ
718 3260 831 3330 παιδείᾳ
843 3262 960 3328 ἄμοιρος
981 3260 1027 3314 καί
1038 3261 1203 3326 ἀμέτοχοςό
1221 3262 1306 3325 τυλός
1318 3261 1376 3328 ἐγὼ
1387 3290 1422 3302 -
1439 3261 1502 3317 Des
1519 3261 1565 3316 καί

459 3364 513 3415 καθ
532 3361 655 3429 ἑκάστην
666 3361 774 3428 ἡμέραν
785 3362 856 3428 πρός
870 3361 923 3428 τὴν
935 3365 994 3415 των
1007 3362 1150 3427 ἀγαθῶν...
1161 3362 1244 3428 ἀμήν.

491 3461 587 3515 Insunt
602 3460 726 3515 rubricae
737 3460 771 3514 da
791 3460 908 3529 imagine
927 3460 1069 3528 Berytensi
1081 3461 1138 3526 (iol.
1154 3461 1206 3529 84),
1218 3460 1363 3531 Nicephori
1374 3462 1409 3516 de
1427 3461 1564 3531 sanguine

464 3577 498 3616 ex
518 3561 604 3615 latare
616 3560 738 3628 imaginis
753 3559 853 3616 Christi
873 3561 929 3626 (iol.
940 3561 992 3628 87),
1003 3561 1037 3615 de
1057 3561 1189 3617 miraculo
1202 3561 1231 3616 in
1250 3566 1331 3631 puteo
1344 3579 1461 3631 magnae
1477 3563 1568 3618 secis-

460 3661 515 3715 siae
527 3661 583 3724 (iol.
594 3661 645 3728 88),
655 3660 689 3714 de
708 3660 825 3728 imagine
834 3661 993 3730 acheropiia
1012 3661 1043 3716 B.
1053 3661 1084 3716 V.
1095 3661 1214 3730 (f01.89),
1225 3663 1259 3717 ds
1268 3663 1419 3718 Sarraceno
1429 3663 1487 3731 (fol.
1498 3664 1565 3729 89¹).

368 3784 403 3842 4.
424 3774 503 3861 (Fal.
525 3777 646 3857 92-97.)
666 3777 852 3857 Μαρτύριον
876 3783 942 3844 τῶν
963 3779 1063 3857 ἁγίων
1087 3780 1333 3859 τεσσαράκοντα
1355 3782 1560 3860 μαρτύρων

333 3897 400 3959 τιίιν
415 3893 449 3957 ἐν
470 3894 677 3976 Σεβαστείᾳ
698 3900 735 3976 τῇ
750 3894 849 3959 πόλει.
864 3895 1015 3961 =1164⁷.

371 4008 676 4093 5.(F01.1052118.)
702 4011 776 4088 Βίος
797 4013 846 4074 καί
868 4014 1009 4077 πολιτεία
1028 4017 1086 4092 τῆς
1106 4012 1201 4091 όσίας
1223 4012 1371 4092 Μαρίας
1393 4019 1450 4093 τῆς
1470 4013 1564 4092 Ἀίγυ·

330 4128 422 4204 πτίας
438 4129 640 4206 συγγραφεῖς
656 4128 718 4191 ὑπὸ
731 4131 789 4192 τοῦ
805 4128 987 4193 όσιωτάτυυ
1003 4131 1200 4209 Σωφρονίου
1215 4131 1411 4210 πατριάρχου
1425 4131 1562 4211 Ἱεροσο-

334 4245 454 4322 λύμων.
468 4273 500 4293 =
511 4242 561 4306 B..

373 4364 406 4422 6.
428 4357 507 4441 (Fol.
525 4358 682 4441 iii-179.)
698 4358 884 4439 Ὑπόμνημα
899 4361 943 4438 είς
964 4362 1021 4424 τὸν
1045 4361 1137 4438 όίγιον
1159 4361 1331 4441 Ἰωάννην
1352 4364 1409 4427 τὸν
1434 4363 1562 4442 εὐαγγε-

329 4475 441 4552 λιστήν
453 4476 503 4537 καὶ
525 4475 682 4551 θεολόγον
697 4477 754 4539 τὸν
769 4476 962 4554 έπιστήθιον.
974 4501 1007 4522 =
1020 4476 1046 4542 B
1060 4477 1090 4542 4.

371 4592 404 4650 7.
426 4585 505 4669 (Fol.
520 4586 695 4670 210213'.)
718 4588 792 4666 Βίας
817 4591 866 4652 καὶ
888 4591 1029 4653 πολιτεία
1050 4589 1205 4658 Ἀλεξίου
1232 4595 1290 4655 τοῦ
1306 4591 1482 4671 ἀνθρώπου
1504 4595 1562 4656 τοῦ

331 4702 425 4767 Θεοῦ.
440 4731 473 4751 =
484 4701 570 4769 3902.
1404 4707 1498 4781 Mari.
1519 4684 1563 4773 17.
