3284 5536
203 339 273 411 196
450 361 540 410 mnu.
568 360 649 410 mir.
677 360 789 410 rums.
808 380 856 389 -
882 359 984 409 cono.
1014 359 1088 424 ιιιι,
1116 356 1192 407 αισι.

757 698 887 770 1:507.

232 876 304 931 Olim
314 893 348 930 ex
361 878 468 944 Ancyra
480 877 593 931 allatum
608 877 690 931 ruisse
703 878 808 931 videtur
821 878 877 941 (cir.
891 879 936 930 iol.
950 879 999 940 7¹⁰,
1011 879 1078 939 21¹0,
1091 879 1168 941 84'0).

232 976 373 1030 Foliorum
387 977 442 1039 105,
451 977 548 1040 0¹¹²,3ffl
562 986 587 1034 ><
598 978 701 1039 Oflfflo,
714 977 784 1030 binis
797 978 940 1040 columnis,
953 982 1082 1030 exaratus
1094 993 1166 1030 saec.
1179 976 1237 1029 ΧΗ.

232 1075 288 1129 rol.
300 1077 332 1128 97
344 1075 441 1142 legitur
453 1076 636 1143 fragmentum
650 1077 892 1144 hagiographicum
905 1077 995 1130 littera
1007 1076 1107 1130 unciali
1121 1075 1263 1143 scriptum.
1277 1075 1426 1144 Sequuntur

203 1174 332 1229 homiliae
342 1175 368 1229 S.
381 1175 512 1228 Iohannis
525 1176 720 1243 chrysostomi.

244 1365 273 1420 1.
296 1356 376 1439 (Fol.
394 1357 469 1436 1-5.)
484 1357 560 1421 Vita
574 1358 677 1420 sancii
700 1357 894 1440 Euthymii
917 1357 1056 1422 abbatis.
1071 1392 1104 1411 =
1118 1357 1144 1420 B
1159 1358 1188 1420 Ξ.

366 1473 559 1540 Fragmentum
572 1472 624 1526 inc.
637 1473 664 1526 in
679 1490 705 1526 n.
721 1475 777 1527 147.

242 1577 274 1635 2.
296 1571 375 1654 (Fol.
402 1571 494 1652 5-8'.)
513 1571 701 1651 Ὑπόμνημα
727 1574 771 1651 εἰς
797 1575 854 1636 τόν
878 1573 970 1650 ἅγιον
997 1574 1185 1636 ἀπόστολον
1210 1577 1270 1637 τοῦ
1297 1573 1426 1651 Χριστοῦ

200 1686 395 1764 Τιμόθεον.
415 1718 449 1738 =
466 1687 531 1750 Bu.
1311 1688 1431 1752 lauti

242 1807 274 1866 3.
297 1801 722 1880 (F01.8v-ulv.)maorop10v
744 1806 803 1866 τοῦ
819 1803 912 1878 ἁγίου
929 1805 978 1866 καὶ
997 1804 1133 1868 ἐνδόξου
1151 1804 1431 1881 μεγαλομόρτυρος

201 1920 260 1982 τοῦ
276 1917 415 1995 Χριστοῦ
437 1916 695 1981 Ἀναστασίου.
713 1951 749 1968 --
766 1918 833 1981 Bu.
1308 1919 1375 1982 lan.
1387 1919 1433 1982 82.

240 2040 274 2097 4.
298 2032 377 2115 (Fol.
402 2033 536 2115 ruoz)
559 2033 713 2111 Ἀθλιγις
741 2037 800 2097 τοῦ
831 2035 924 2110 ἁγίου
955 2034 1190 2112 ίερομάρτυρος
1224 2035 1435 2113 Κλήμεντος

202 2146 359 2227 Ἀγκύρας.
379 2180 410 2199 =
429 2147 465 2211 B.
1308 2148 1376 2212 Ian.
1387 2148 1436 2212 23.

242 2270 275 2327 5.
297 2263 334 2344 (F
335 2262 376 2326 ol.
390 2261 522 2343 47-53'.)
540 2262 615 2339 Βίας
630 2263 680 2324 καὶ
695 2263 835 2325 πολιτεία
849 2267 906 2340 τῆς
930 2261 1025 2340 ὁσίας
1046 2263 1206 2339 Εὐσεβίας
1228 2267 1286 2340 τῆς
1307 2283 1436 2339 μετονο

203 2378 385 2457 μασθείσης
398 2377 509 2455 Ξίνης.
525 2402 558 2422 =
572 2376 607 2440 B.
1305 2379 1372 2442 lan.
1387 2379 1436 2443 24.

242 2500 274 2559 6.
296 2493 375 2576 (Fol.
401 2493 548 2573 53v-69v.)
576 2493 649 2570 Βίας
676 2497 734 2556 τοῦ
761 2494 795 2556 ἐν
821 2491 923 2571 ἁγίοις
947 2495 1070 2571 πατρός
1096 2495 1186 2571 ἡμῶν
1224 2496 1435 2573 Γρηγορίου

208 2609 458 2689 ἀρχιεπισκόπου
475 2608 847 2685 Κωνσταντινουπόλεως
861 2613 920 2672 τοῦ
936 2611 1104 2686 θεολόγον.
1120 2638 1152 2657 =
1167 2611 1193 2674 B
1211 2612 1236 2674 1.
1305 2612 1371 2675 ian.
1388 2612 1436 2673 25.

244 2725 635 2808 r.(Fol.69v-79v.)310;
662 2726 711 2786 καὶ
737 2726 878 2787 πολιτεία
903 2728 962 2787 τοῦ
986 2725 1082 2788 ὁσίου
1105 2725 1365 2804 Ξενοφῶντος
1388 2729 1436 2790 καὶ

201 2846 267 2906 τῶν
281 2841 381 2904 αὐτοῦ
396 2841 517 2904 τέκνων
533 2839 681 2903 Ἰωάννου
699 2842 748 2903 καὶ
764 2839 936 2916 Ἀρκαόίου.
950 2865 981 2884 =
993 2840 1029 2903 B.
1306 2843 1373 2907 Ian.
1386 2844 1435 2907 96.

243 2963 276 3022 8.
298 2955 377 3036 (Fol.
394 2955 527 3037 7985.)
543 2955 730 3033 Ὑπόμνημα
754 2957 856 3018 τύπον
882 2956 1027 3034 ἱστορίας
1053 2959 1301 3035 κεφαλαιώδους
1323 2960 1437 3038 ἐπέχον

200 3074 250 3138 ἐπὶ
261 3079 299 3155 τῇ
312 3071 486 3154 ἀνακομιδῇ
500 3074 559 3134 τοῦ
572 3071 674 3148 τιμίου
690 3071 845 3148 λειψάνου
859 3075 918 3135 τοῦ
936 3072 1023 3135 θείου
1041 3074 1090 3135 καὶ
1106 3072 1198 3151 ίεμοὺ
1214 3073 1436 3152 Χρυσοστό·

201 3209 282 3267 μου.
299 3220 329 3238 =
349 3187 450 3250 14550.
1308 3188 1376 3252 lan.
1388 3188 1436 3252 27.

242 3310 274 3369 9.
296 3303 506 3387 (8018590.)
522 3303 596 3380 Βίος
612 3304 660 3364 καὶ
676 3303 817 3365 πολιτεία
832 3305 891 3365 τοῦ
907 3302 1003 3366 ὁσίου
1020 3305 1142 3381 πατρὸς
1158 3304 1248 3380 ἡμῶν
1264 3304 1435 3382 Ἐφραῖμ.

208 3418 322 3483 =Bu
1306 3419 1374 3483 lan.
1389 3419 1436 3483 98.

246 3543 301 3600 10.
323 3534 402 3616 (Fol.
417 3534 550 3615 90-96'.)
567 3534 640 3610 Βίας
656 3535 705 3596 καὶ
721 3535 895 3611 μαρτύριον
910 3538 975 3597 τῶν
990 3535 1091 3610 ἁγίων
1108 3537 1157 3596 καὶ
1178 3539 1435 3613 θαυματουργών

203 3651 286 3729 ἀββᾱ
308 3651 429 3729 Κύρου
454 3652 503 3712 καί
527 3649 710 3712 Ἰωάννου.
727 3677 758 3695 --·
778 3649 849 3711 Β3.
1305 3651 1371 3714 lun.
1387 3652 1434 3715 31.

759 3997 887 4069 1508.

234 4227 306 4283 Olim
320 4227 393 4281 Hier.
402 4227 523 4291 Fonduli,
536 4228 634 4281 deinde
646 4227 889 4281 Fonteblaudensis
898 4229 940 4291 85,
952 4233 1048 4296 postea
1060 4229 1160 4296 Regius
1172 4246 1286 4294 coccum,
1297 4231 1436 4294 4999093.

235 4326 538 4381 Chartocoussoliorum
555 4327 612 4391 433,
623 4327 718 4390 0⁸²‚335
734 4335 757 4385 ><
772 4327 874 4390 00218,
893 4327 992 4394 partim
1003 4328 1073 4380 binis
1090 4329 1235 4389 columnis,
1248 4329 1347 4397 partim
1358 4330 1436 4384 lineis

202 4427 295 4495 plenis,
308 4430 435 4480 exaratus
456 4442 526 4479 saec.
539 4425 597 4479 xli.

235 4525 291 4579 Foi.
309 4526 366 4587 295,
379 4525 406 4578 in
423 4525 547 4591 margine
564 4526 703 4594 superiore
725 4526 874 4579 recentiore
894 4543 977 4579 manu
990 4526 1121 4594 scriptum
1134 4531 1189 4581 est:
1210 4530 1260 4591 κα’,
1280 4533 1333 4581 τοί)
1354 4529 1436 4583 ὁσίου

201 4626 309 4691 πατρὸς
321 4629 401 4692 ἡμῶν
414 4623 458 4678 καί
470 4626 649 4692 όμολογητοῦ
662 4625 789 4690 Μαξίμου
803 4625 840 4689 είς
857 4627 981 4690 τὸτέλος
995 4631 1047 4680 rot)
1061 4626 1164 4693 βιβλίου
1179 4628 1223 4681 ἐνε
1238 4629 1253 4680 ό
1267 4627 1325 4694 βίος
1338 4628 1436 4683 αὐτοῦ.

202 4724 273 4788 (Vid.
287 4741 313 4779 n.
322 4725 374 4787 ⁸26.)
