3284 5536
522 353 612 405 οισι.
640 353 720 405 ιυιτ.
748 354 860 405 mus,
881 374 927 384 —
954 355 1032 405 που.
1061 354 1135 404 ιιιιι.
1398 332 1444 405 89

252 549 309 607 18.
332 541 412 625 (Fol.
441 540 615 623 139v-141.)
631 540 803 618 Νεοφύτου
821 590 850 604 ..
876 542 1072 605 συνοπτικὸν
1100 541 1257 618 ἐγκώμιον
1286 543 1357 619 περὶ
1378 544 1445 605 τῶν

202 660 311 737 ἁγίων
326 656 646 735 καίθαυματουργών
661 657 854 737 ἀναργιίρων
877 659 1005 737 Κοσμά
1027 660 1076 721 καὶ
1097 659 1295 737 Δαμιανοῡ
1319 663 1445 722 καὶτῶν

201 776 410 852 συνονύμων
420 773 528 836 αὐτῶν
541 775 590 836 καὶ
606 774 675 850 περὶ
689 774 810 850 παντὸς
825 772 1022 852 ἀναργάρου.
1323 773 1404 837 Nov.
1419 775 1446 837 1.

378 900 434 953 ίιια.
443 899 629 965 Ἀναργόρους
641 899 798 965 άκεστόρας
807 898 981 965 γεραίρουσα
993 898 1116 964 τήμερον
1130 901 1146 965 ἡ
1160 897 1291 965 ἐκκλησία
1306 903 1358 951 τοῦ
1371 899 1444 952 θεοῦ

344 1027 378 1036 -
390 999 452 1052 θαι.
463 999 539 1052 ἴασαι
551 998 597 1051 καί
605 1000 685 1063 ἡμῶν
694 1000 744 1061 τάς
756 999 848 1063 ψυχάς
861 999 932 1063 δμοθ
945 997 989 1050 καί
1001 999 1037 1050 τά
1049 999 1192 1063 σώματα...
1205 998 1286 1064 ἀμήν.

251 1138 311 1195 19.
335 1130 416 1213 (Fol.
455 1130 627 1209 141-152v.)
662 1129 834 1207 Νεοφύτου
856 1179 889 1192 ..
924 1130 1023 1206 λόγος
1051 1131 1095 1207 εἰς
1123 1133 1181 1207 τήν
1211 1131 1343 1196 σύναξιν
1380 1134 1446 1193 τῶν

199 1248 306 1310 θείων
317 1250 494 1325 ταξιαρχῶν
516 1247 660 1324 Μιχαὴλ
683 1248 732 1308 καὶ
748 1246 880 1323 Γαβριὴλ
896 1247 1021 1308 καὶτῶν
1036 1248 1158 1310 λοιπῶν
1173 1244 1368 1324 ἀσωμάτων.

378 1369 648 1436 ίμαἈρχαγγελικῆς
661 1369 706 1422 καί
725 1369 812 1423 ἀῦλου
832 1371 925 1435 μνεῖας
943 1369 988 1423 καί
999 1371 1186 1437 πανηγύρεως
1198 1399 1231 1409 -
1251 1370 1312 1424 Des.
1325 1371 1370 1424 καί
1382 1374 1446 1437 κλη·

344 1470 470 1536 ρώσεται
481 1469 571 1522 τόπον
583 1472 634 1535 τῆς
647 1470 793 1522 ἀθανάτου
806 1471 905 1535 ζωῆς...
919 1467 1000 1535 ἀμήν.

249 1606 311 1665 20.
333 1600 414 1681 (Fol.
433 1599 775 1682 153·164.)Neo‹pssrou
792 1650 798 1662 .
815 1650 821 1662 .
839 1601 996 1677 ἐγκώμιον
1022 1601 1066 1677 είς
1091 1601 1148 1664 τδν
1170 1602 1267 1679 μέγαν
1296 1601 1446 1681 ἱεράρχην

201 1718 406 1794 καὶπατέρα
421 1716 510 1793 ἡμῶν
531 1716 811 1794 Χρυσόστομον
833 1717 882 1778 καὶ
905 1717 1047 1794 σύνοψις
1064 1719 1208 1793 περὶτοῦ
1234 1719 1304 1795 βίου
1322 1719 1439 1782 αὐτοῦ·

201 1833 282 1910 περί
296 1849 330 1895 τε
352 1837 410 1910 τῆς
430 1833 626 1910 χειροτονίας
642 1835 691 1895 καὶ
713 1833 880 1911 θεοκρίτου
903 1835 1093 1912 προεδρείας
1117 1834 1233 1898 αὐτοῦ·
1255 1836 1327 1913 περί
1341 1857 1376 1900 τε
1391 1842 1448 1915 τῆς

203 1948 339 2026 ἐξορίας
354 1951 404 2010 καί
419 1947 512 2025 αὖθις
523 1953 579 2026 τῆς
591 1949 751 2012 ἐπανόδου
764 1936 823 2012 τοῦ
839 1951 926 2012 θείου
949 1950 1104 2027 λειψάνου
1128 1950 1228 2015 αὐτοῦ
1245 1957 1448 2031 συνοπτικῶς

205 2062 349 2143 καὶπερὶ
363 2069 430 2128 τῶν
441 2062 614 2143 θαυμάτων
633 2065 744 2129 αὐτοῦ.

378 2180 433 2235 Ine.
453 2182 664 2248 Χρυσορεῑθρον
685 2181 740 2247 άρα
766 2180 811 2234 καί
831 2183 1029 2248 χρυσόπλοκον
1050 2187 1182 2248 γλιίιτταν
1200 2213 1232 2222 -
1252 2185 1313 2239 Des.
1333 2185 1391 2239 ἀλλ’
1410 2187 1448 2249 ὼς

345 2281 531 2349 φιλοστόργῳ
539 2280 625 2347 πατρί
633 2283 752 2334 ποθεινὰ
764 2280 968 2347 ψελλίσματα...
981 2283 1063 2349 ἀμήν.

254 2417 313 2475 21.
340 2410 606 2494 (F01.164'-169.)
629 2411 801 2489 Νεοφύτου
824 2412 975 2490 ..λόγος
1007 2412 1158 2490 ἐπίτομος
1190 2416 1261 2493 περὶ
1297 2415 1447 2494 Μαρίας

209 2534 270 2605 τῆς
292 2526 467 2603 θεόπαιδος
490 2525 543 2588 ὅτε
560 2526 622 2589 ὑπὸ
646 2530 711 2589 τών
731 2527 855 2602 γονέων
875 2527 973 2605 ἀκτῆς
992 2531 1115 2606 τριετάς
1137 2530 1182 2606 είς
1203 2531 1242 2593 τά
1266 2534 1332 2593 τῶν
1347 2531 1448 2608 ἁγίων

210 2642 287 2717 ἅγια
301 2640 444 2719 ἀπεδόθη
460 2646 505 2723 τῷ
521 2641 594 2724 Θεῷ
609 2642 680 2719 περὶ
696 2641 734 2718 ἡς
749 2643 798 2704 καὶ
810 2644 962 2721 γραφικαί
975 2644 1151 2721 μαρτυρίαι.

378 2764 434 2817 ίιιο.
444 2763 609 2831 Ἱεραρχικοθ
622 2764 779 2832 μυστηρίου
791 2767 863 2831 πρὸς
881 2767 1019 2832 ἀπόβασιν
1037 2768 1179 2832 ἀγομένου
1193 2796 1226 2807 -
1239 2769 1301 2822 Des.
1314 2769 1358 2823 καί
1377 2760 1446 2836 ὺπέρ

345 2865 415 2929 ἐμοῦ
427 2868 479 2917 τοί)
490 2863 602 2930 ἀχρείου
612 2866 691 2929 ὑμῶν
701 2864 836 2918 οίκέτου...
850 2865 931 2931 ἀμήν.

253 3004 311 3062 22.
334 2997 414 3081 (Fol.
432 2997 603 3080 169-172V.)
620 2997 792 3077 Νεοφύτου
808 3048 815 3060 .
832 3000 1011 3077 ,ἐγκώμιον
1028 3000 1073 3078 είς
1088 3001 1145 3064 τὸν
1163 3001 1233 3079 βίον
1259 3005 1318 3065 τοῦ
1346 3001 1443 3066 ὁσίου

213 3118 263 3178 καὶ
275 3116 579 3194 θεοφόρουπατρὸς
591 3115 681 3192 ἡμῶν
703 3114 872 3179 Ἀλυπίου
895 3120 954 3179 τοῦ
970 3117 1110 3180 κιονίτου
1136 3118 1187 3180 ἐπὶ
1210 3123 1267 3196 τῆς
1286 3117 1448 3197 βασιλείας

213 3232 398 3311 Ἡρακλείου
429 3232 520 3309 ἡλίου
551 3231 641 3310 δίκην
667 3232 888 3311 ἐκλάμψαντος
914 3235 948 3296 ἐκ
970 3235 1098 3312 πόλεως
1126 3233 1309 3313 Ἀνδριανοῦ
1338 3236 1447 3314 χώρας

213 3348 454 3427 Παφλαγόνων.
1297 3351 1446 3417 Νονθό.

380 3464 436 3517 [ne.
446 3464 570 3518 Ἀλόπιον
590 3465 640 3517 τδν
657 3466 731 3519 πάνυ
752 3466 803 3519 τὸν
815 3469 865 3533 τῆς
886 3467 1009 3532 άλὴκτου
1032 3466 1139 3535 καὶτῆς
1152 3469 1312 3522 ἀλύπου·
1327 3470 1389 3524 Des.
1401 3470 1447 3523 καί

345 3566 458 3618 άνωθεν
467 3565 632 3619 ἐποπτεύειν
645 3566 740 3633 ἡμᾶς...
753 3566 835 3632 ἀμήν.

257 3705 314 3765 2³.
335 3698 416 3783 (Ful.
430 3698 588 3783 173-180.)
614 3699 786 3779 Νεοφύτου
803 3750 810 3763 .
827 3749 833 3762 .
849 3700 1005 3779 ἐγκώμιον
1021 3702 1065 3779 είς
1079 3703 1136 3766 τὸν
1152 3706 1239 3767 θεῖον
1259 3706 1309 3767 καὶ
1326 3706 1446 3784 θεοφό·

218 3837 275 3895 ρον
291 3818 414 3895 πατέρα
435 3816 527 3894 ἡμῶν
548 3815 672 3895 Σάβαν
694 3817 752 3880 τὸν
771 3817 868 3894 μέγαν
884 3820 935 3881 καὶ
957 3819 1120 3896 σύλλογος
1134 3819 1284 3897 ἐπίτομος
1298 3823 1370 3899 περὶ
1385 3825 1445 3885 τοῦ

219 3932 287 4011 βίου
302 3934 433 3996 καὶτῶν
449 3931 621 4011 θαυμάτων
636 3931 748 3996 αὐτοῦ.

380 4048 435 4102 Ine.
452 4048 542 4114 Σάβας
554 4048 571 4100 δ
583 4049 657 4111 θεῖος
669 4047 715 4101 καί
727 4049 812 4114 μέγας
835 4049 865 4102 ἐν
882 4051 1023 4116 πατράσιν
1044 4051 1134 4116 Σάβας
1151 4052 1167 4103 δ
1181 4051 1329 4116 θεσπέσιος
1341 4081 1374 4091 -
1386 4053 1447 4108 Des.

345 4151 544 4215 ι’πιερυψοθται
554 4149 589 4201 τό
598 4147 690 4201 ἑνικόν
703 4147 748 4201 καί
759 4150 905 4215 τρισάγιον
918 4150 1026 4214 σέλας...
1039 4150 1121 4217 ἀμήν.

259 4288 315 4346 24„
337 4281 415 4365 (Fol.
437 4281 594 4364 180-199.)
610 4280 782 4360 Νεοφύτου
799 4331 806 4346 .
822 4332 829 4346 .
845 4283 1002 4361 ἐγκώμιον
1019 4285 1064 4361 εἰς
1079 4285 1136 4347 τόν
1148 4286 1245 4361 μέγαν
1261 4288 1310 4348 καὶ
1327 4292 1446 4365 θαυμα-

223 4398 357 4477 τουργὸν
372 4397 584 4476 ἱεράρχην-καί
598 4399 719 4476 πατέρα
733 4399 823 4476 ἡμῶν
846 4399 1030 4463 Νικόλαον
1051 4400 1121 4477 περί
1137 4420 1170 4463 τε
1189 4405 1246 4479 τῆς
1261 4401 1361 4466 αὐτοῦ
1377 4423 1446 4479 γεν-

226 4515 347 4591 νήσεως
361 4515 411 4576 καί
422 4517 487 4577 τῶν
498 4513 643 4591 πηγαίων
659 4513 831 4592 θαυμάτων
847 4516 1077 4593 κεφαλαιώδεις
1091 4518 1262 4594 διηγήσεις.

383 4635 437 4689 ίτια.
450 4634 599 4702 Νενίκηκεν
611 4636 697 4702 δρους
709 4638 825 4703 φύσεως
837 4639 853 4691 δ
866 4641 916 4704 τῆς
929 4637 1006 4705 νίκης
1016 4638 1166 4704 ἐπώνυμον
1178 4667 1211 4676 -
1223 4639 1284 4692 DeS.
1302 4640 1346 4692 καὶ
1359 4641 1447 4708 ὀφλη·

351 4736 449 4801 μάτων
460 4735 563 4801 δφεσιν
576 4738 793 4803 καταξιωθιίιμεν
805 4739 904 4801 τέλους
917 4739 1052 4803 ἀγαθοῦ...
1069 4739 1150 4804 ἀμήν.

1320 4840 1348 4894 11
