3284 5536
317 351 386 423 130
622 369 712 421 eren.
740 368 821 420 mr.
847 368 960 419 ιυιιιιο.
981 388 1027 398 -
1053 368 1133 419 coo.
1164 365 1236 418 ιωιι.

355 567 387 624 2.
409 560 489 635 (Fol.
514 560 634 642 5061.)
655 559 841 637 Ὑπὸμνημα
867 559 911 636 είς
936 560 994 622 τὸν
1022 559 1113 635 ἅγιον
1135 559 1322 623 ἀπόστολον
1350 559 1545 637 Τιμόθεον.

315 709 352 729 =
368 676 434 740 B2.
1415 675 1482 739 lan.
1496 676 1548 739 22.

354 820 388 877 3.
409 810 488 893 (rol.
513 810 643 888 6189.)
661 809 847 886 Μαρτύριον
867 811 926 871 τοῦ
953 809 1046 884 ἁγίου
1070 809 1355 887 μεγαλομιίρτυρος
1376 807 1550 872 Ἀναστα-

314 927 402 992 σίου
425 930 483 989 τοῦ
494 925 641 1002 Πέρσου.
656 948 689 967 =
704 923 729 987 B
744 924 773 987 2.
1415 924 1482 989 Ian.
1497 925 1549 988 22.

353 1066 387 1121 4.
411 1056 489 1140 (Fol.
511 1056 679 1138 82⁹-119'.)
695 1056 768 1132 Βίος
789 1058 837 1118 καὶ
859 1056 1033 1133 μαρτύριον
1057 1059 1116 1119 τοῦ
1139 1055 1232 1131 ἁγίου
1260 1055 1550 1135 μεγαλομὰρτυρος

314 1174 525 1253 Κλήμεντος
540 1171 718 1234 ἐπισκόπου
744 1169 901 1249 Ἀγκύρας.
916 1198 948 1217 =
959 1170 997 1234 B.
1421 1171 1489 1236 Ian
1500 1173 1553 1237 23.

355 1313 388 1371 5.
409 1304 489 1389 (Fol.
521 1304 691 1385 llo-129.)
720 1304 794 1380 Βίος
824 1305 873 1365 καὶ
901 1304 1042 1366 πολιτεία
1075 1307 1131 1380 τῆς
1153 1303 1248 1381 ὁσίας
1277 1305 1327 1366 καὶ
1356 1308 1550 1384 θαυμαστῆς

313 1421 442 1499 Ξὲνης.
457 1446 489 1464 =
506 1421 541 1484 B.
1420 1419 1487 1484 Ian.
1500 1422 1553 1484 94.

356 1560 388 1618 6.
411 1552 679 1635 (8011901517.)
702 1552 777 1629 Βίος
800 1553 859 1614 τοῦ
883 1550 916 1614 ἐν
941 1549 1043 1628 ἁγίοις
1065 1551 1187 1628 πατρὸς
1210 1552 1301 1629 ἡμῶν
1330 1553 1552 1630 Γρηγορίου

314 1668 564 1749 ἁρχιεπισκόπου
581 1666 953 1743 Κωνσταντινουπόλεως
970 1670 1029 1730 τοῦ
1046 1666 1213 1742 θεολόγου.
1228 1667 1298 1730 --Β
1315 1667 1340 1731 1.
1417 1667 1484 1732 Ian.
1501 1669 1554 1732 25.

356 1808 388 1864 7.
412 1799 491 1882 (rol.
509 1800 699 1880 mlv-loth.)
711 1799 785 1876 Βίος
800 1800 850 1861 καὶ
865 1799 1006 1861 πολιτεία
1017 1802 1076 1861 τοῦ
1093 1797 1189 1862 ὁσίου
1211 1798 1473 1878 Ξενοφῶντος
1502 1803 1554 1864 καὶ

315 1921 372 1995 τῆς
384 1917 525 1994 συμβίου
542 1917 668 1978 καὶτῶν
683 1916 804 1978 τὲκνων
819 1914 921 1977 αὐτοῦ
938 1913 1085 1978 Ἰωάννου
1102 1916 1152 1977 καί
1166 1915 1339 1992 Ἀρκαὸίου.
1354 1945 1387 1964 =
1401 1915 1439 1979 B.

1417 2031 1486 2095 lan.
1498 2032 1552 2096 26.

355 2154 388 2213 8.
410 2145 1038 2229 1801.1601711.)Εἰςτήνὰνακομιὸἠν
1058 2148 1117 2209 τοῦ
1133 2145 1289 2223 λειψάνου
1311 2148 1371 2208 τοῦ
1394 2147 1430 2210 ἑν
1449 2145 1556 2225 ἁγίοις

313 2263 434 2340 πατρὸς
466 2263 556 2340 ἡμῶν
588 2261 761 2324 Ἰωάννου
793 2260 1045 2339 ἁρχιεπισκόπου
1079 2260 1455 2338 Κωνσταντινουπὸλεως
1494 2266 1556 2326 τοῦ

315 2379 563 2458 Χρυσοστόμου.
576 2403 608 2422 =
624 2377 727 2440 1455⁸.
1416 2376 1486 2442 lan.
1503 2379 1555 2442 27.

355 2519 387 2577 9.
410 2511 489 2595 (Fol.
517 2510 686 2592 lter-182.)
712 2510 786 2587 Βίος
815 2510 865 2572 καὶ
900 2509 1042 2573 πολιτεία
1076 2512 1136 2572 τοῦ
1173 2508 1270 2572 ὁσίου
1309 2510 1434 2588 πατρὸς
1459 2511 1555 2589 ἡμῶν

314 2627 473 2707 Ἐφραίμ
495 2630 554 2691 τοῦ
570 2628 689 2704 Σύρου.
705 2645 737 2668 =
752 2625 820 2688 B2.
1420 2625 1488 2691 lan.
1500 2628 1554 2691 28.

357 2768 412 2825 10.
429 2760 508 2843 (rol.
547 2759 718 2842 molon.)
760 2758 946 2836 Μαρτύριον
974 2761 1038 2820 τῶν
1068 2755 1167 2833 ἁγίων
1202 2759 1252 2820 καὶ
1285 2761 1548 2837 θαυματουργῶν

315 2876 437 2955 Κύρου
460 2878 510 2939 καὶ
532 2872 842 2938 ἸωὰννουεΒὰ
1412 2872 1482 2938 Ian.
1498 2874 1550 2940 31.

868 3202 999 3275 1158.

348 3436 421 3491 Olim
432 3436 575 3490 cardinalis
588 3436 690 3490 Nicolai
704 3437 811 3501 Ridolli,
826 3439 836 3462 ⁸
850 3445 880 3490 υ·
891 3438 938 3490 100
951 3437 1104 3504 vigesimae,
1117 3479 1128 3503 „
1139 3440 1235 3505 postea
1245 3437 1411 3491 Catharinae
1424 3438 1460 3491 de
1472 3438 1556 3492 Μειλί-

317 3536 363 3600 cis,
373 3536 470 3589 deinde
482 3537 589 3603 Regius,
602 3553 679 3602 αιιιιι,
692 3537 831 3600 1191835.

351 3636 490 3689 Foliorum
501 3636 558 3699 917,
579 3637 675 3698 0““,390
691 3645 715 3693 ><
730 3636 832 3700 0³,270,
845 3636 953 3705 (quibus
965 3636 1090 3689 addenda
1103 3636 1133 3701 A,
1151 3635 1181 3700 Β,
1199 3635 1291 3702 mne)
1313 3635 1384 3689 binis
1408 3637 1557 3702 columnis,

318 3740 445 3788 exaratus
457 3736 566 3788 saeculo
579 3734 624 3787 Xl.

352 3834 432 3887 Foliis
444 3835 475 3897 A,
486 3834 508 3887 B
525 3834 767 3901 comprehenditur
778 3851 870 3888 rerum
882 3835 1013 3888 elenchus
1023 3851 1072 3888 seu
1080 3833 1169 3897 πίναξ,
1177 3834 1220 3888 cui
1229 3850 1286 3888 non
1295 3835 1408 3889 omnino
1417 3836 1453 3889 ad
1464 3852 1559 3891 emus·

319 3933 371 3986 sim
384 3932 531 3999 respondet
545 3931 628 3984 series
643 3948 734 3986 rernm
753 3931 781 3985 in
793 3933 885 3986 codice
897 3937 1097 3987 contentarum.
1110 3933 1186 3987 Folia
1201 3949 1256 3987 non
1268 3949 1357 4002 pauco
1368 3934 1484 4000 desunt,
1501 3936 1559 3990 alia

322 4032 384 4084 hinc
395 4031 457 4084 inde
467 4030 648 4084 interturbata
656 4036 730 4085 sunt.
742 4032 770 4084 Si
784 4031 892 4085 elenchi
905 4032 1028 4085 ordinem
1038 4032 1181 4086 restituere
1198 4033 1274 4099 velie,
1283 4038 1347 4100 post
1358 4050 1385 4088 n.
1397 4035 1421 4099 8,
1434 4035 1558 4090 colloces

322 4135 429 4197 oportet
448 4146 493 4184 nn.
514 4131 551 4191 ll,
575 4131 612 4193 19,
624 4131 750 4183 encomia
762 4132 816 4185 duo
829 4131 862 4185 de
882 4131 908 4185 S.
925 4132 1046 4185 Barbara
1056 4148 1127 4200 quae
1139 4134 1237 4186 frustra
1255 4133 1386 4200 requires,
1398 4138 1425 4187 et
1447 4135 1515 4188 Βίαν
1528 4136 1560 4188 ἐν
1572 4203 1578 4214 Ι

323 4231 456 4296 συντὸμψ
469 4233 522 4282 τοῦ
535 4228 617 4282 ὁσίου
629 4232 737 4296 πατρὸς
750 4232 829 4296 ἡμῶν
847 4231 974 4284 Ἰωάννου
988 4236 1112 4295 μοναχοῡ
1125 4231 1169 4284 καὶ
1187 4232 1384 4298 πρεσβυτέρου
1402 4235 1561 4302 Δαμασκη-

322 4334 383 4395 voh,
393 4329 439 4397 qui
451 4328 533 4382 etiam
552 4329 637 4382 deest.
650 4329 791 4383 Ponuntur
807 4330 903 4382 deinde
923 4345 969 4384 nn.
986 4331 1010 4394 9,
1024 4331 1062 4395 10,
1078 4336 1106 4384 et
1120 4330 1245 4384 encomia
1265 4331 1320 4385 duo
1338 4331 1372 4385 de
1393 4332 1420 4386 S.
1441 4332 1559 4388 Nicolno

322 4445 393 4498 quae
405 4444 513 4483 rursum
531 4427 729 4482 desiderentur.

355 4528 387 4583 N.
409 4529 443 4582 98
463 4528 579 4582 elencho
601 4527 746 4596 inscriptus
770 4545 826 4582 non
844 4534 892 4593 est,
916 4546 979 4583 cum
1000 4535 1092 4584 humen
1111 4531 1262 4598 legitimum
1283 4531 1310 4585 in
1336 4532 1430 4587 codice
1460 4533 1558 4590 locum

323 4633 446 4696 occupet
466 4626 627 4681 Encomium
647 4629 673 4682 S.
691 4628 817 4682 Eustratii
833 4629 861 4682 in
883 4629 943 4682 solo
970 4630 1085 4684 elencho
1103 4630 1172 4684 inter
1199 4646 1244 4684 un.
1265 4633 1297 4684 29
1317 4636 1346 4685 et
1362 4633 1397 4686 30
1410 4632 1560 4689 indicatur.

324 4729 414 4783 Sicubi
423 4729 516 4782 titulos
526 4727 602 4782 uncis
614 4727 733 4783 inclusos
744 4728 864 4783 inveniet
874 4730 968 4794 lector,
978 4747 1011 4783 ex
1024 4730 1122 4784 eodem
1136 4730 1224 4784 indice
1242 4731 1421 4800 depromptos
1439 4735 1560 4789 noverit.
