3284 5536
434 352 524 403 Βίου.
551 352 631 403 rer.
659 352 944 404 rbere—001).
973 349 1047 405 ιιω.
1291 333 1359 403 119

165 551 223 608 13.
245 542 326 626 (Fol.
342 541 475 625 77ve3.)
505 541 719 621 Μετὰφρασις
740 545 799 606 τοῦ
825 541 918 618 ἁγίου
936 544 1099 621 μάρτυρος
1133 543 1359 622 Νικηφόρου

118 662 318 738 συγγραφὲν
328 661 416 736 παρὰ
430 657 579 721 Ἰωάννου
596 656 776 722 ἐπισκόπου
793 658 956 736 Σάρδεων.
1222 660 1316 723 Febr.
1332 661 1361 724 9.

291 774 346 828 luc.
365 774 485 837 Πολλοῖς
506 775 523 840 ἡ
544 774 661 840 ταπεινὴ
682 775 766 841 φύσις
787 775 867 840 ἡμῶν
888 775 1225 829 ὺποκὺπτουσαποίθεσιν
1246 804 1278 813 -
1299 776 1362 829 Des.

257 875 397 937 τοιούτοις
408 875 463 940 γάρ
477 871 617 939 ἀμείβεται
629 873 732 939 δώροις
746 871 790 926 καί
808 875 951 936 τοιαύταις
964 875 1182 941 φιλοφρονεῖται
1195 878 1255 938 ταῖς
1268 877 1362 929 δεξιώ-

258 988 343 1028 σεσι...
356 974 438 1039 ἀμήν.

167 1081 223 1137 14.
248 1072 328 1152 (Ροί.
343 1072 632 1151 &ebreorum
644 1075 702 1135 τοῦ
718 1070 810 1148 ἁγίου
827 1071 1106 1151 Χαραλαμπίου.
1205 1074 1299 1138 Febr.
1314 1075 1362 1139 10.

243 1241 246 1246 .
292 1189 347 1242 lnc.
367 1188 570 1251 Βασιλεὺοντος
590 1191 643 1241 τοῦ
664 1187 763 1254 κυρίου
784 1189 865 1255 ἡμῶν
885 1188 908 1242 Ἰ.
928 1189 957 1242 Χ.
977 1194 1054 1243 πᾶσα
1078 1191 1225 1257 δαιμονική
1246 1191 1363 1257 λατρεί’Ι

258 1289 439 1341 πέπαυται-
448 1288 510 1341 Des.
520 1289 565 1340 διά
576 1289 683 1351 παντὸς
693 1289 724 1340 δὲ
735 1288 847 1341 ἵσταται
857 1290 873 1340 δ
886 1289 965 1353 ἀγιος
977 1290 1005 1344 Χ.
1014 1290 1044 1342 ἐκ
1055 1292 1153 1343 δεξιῶν
1166 1294 1218 1343 τοῦ
1229 1291 1363 1356 θρόνου...

260 1389 278 1441 ἀ
317 1405 342 1439 ν.

279 1388 387 1540 “Erine
396 1485 424 1539 in
437 1488 497 1539 Λα.
509 1487 557 1539 SS.
568 1485 603 1539 ed
614 1485 640 1539 d.
654 1486 685 1539 10
696 1485 831 1551 februarii,
844 1487 875 1551 11,
884 1488 1002 1541 381086.

170 1595 226 1652 15.
249 1586 288 1669 (F
289 1586 329 1650 ol.
355 1584 489 1663 892-94.)
510 1585 658 1664 Ἀθλησις
685 1589 744 1649 τοῦ
770 1585 862 1663 ἁγίου
894 1589 943 1649 καὶ
967 1587 1100 1652 ἐνδόξου
1128 1587 1362 1667 ἱερομὰρτυρος

126 1704 296 1767 Βλασίου
320 1701 499 1766 ἐπισκόπου
523 1704 699 1779 γενομένου
722 1703 914 1781 Σεβαστείας
930 1704 1050 1782 καὶτῆς
1065 1704 1099 1766 ἐν
1120 1703 1246 1788 Χριστῷ
1265 1721 1364 1769 συνο-

125 1819 198 1896 δίας
211 1817 321 1882 αὐτοῦ.
336 1850 365 1869 ==
382 1817 419 1881 B.
1204 1819 1296 1884 Febr.
1311 1821 1360 1884 11.

171 1958 226 2016 16.
248 1951 287 2033 (F
288 1951 328 2015 ol.
343 1951 477 2033 eber.)
492 1951 559 2014 Τοῡ
575 1951 610 2015 ἐν
633 1951 736 2028 ἁγίοις
750 1952 872 2028 πατρὸς
894 1951 985 2029 ἡμῶν
1001 1951 1252 2029 ἀρχιεπισκόπου
1281 1954 1364 2018 Κων-

126 2066 428 2145 σταντινουπόλεως
450 2071 510 2131 τοῦ
533 2066 771 2145 Χρυσοστόμου
799 2067 956 2143 ἐγκώμιον
979 2068 1023 2144 είς
1048 2069 1105 2132 τὸν
1131 2068 1221 2145 ἁγιον
1250 2070 1365 2134 Μελέ-

125 2202 209 2246 τιον
235 2181 414 2245 ἐπίσκοπον
437 2180 619 2259 Ἀντιοχείας
644 2183 694 2244 καὶ
715 2182 760 2258 είς
781 2183 838 2258 τήν
865 2183 1015 2258 σπουδὴν
1036 2186 1103 2246 τῶν
1129 2182 1364 2246 συνελθόντων.

130 2331 168 2352 =
184 2299 211 2363 B
226 2299 256 2362 1.
1204 2298 1297 2363 Febr.
1316 2300 1364 2365 12.

172 2439 227 2496 1⁷.
249 2429 504 2513 (robor-101.)
526 2429 600 2508 Βίος
627 2430 661 2494 ἐν
687 2430 840 2514 συντόμῳ
865 2434 925 2494 τοῦ
951 2432 985 2494 ἐν
1009 2429 1110 2508 ἁγίοις
1125 2433 1248 2509 πατρὸς
1272 2432 1364 2510 ἡμῶν

128 2548 316 2611 Μελετίου
343 2545 593 2624 ἀρχιεπισκόπου
607 2544 799 2625 Ἀντιοχείας.
1206 2547 1299 2611 Febr.
1317 2548 1365 2612 12.

296 2662 350 2715 Ine.
362 2661 455 2724 Οὗτος
475 2662 491 2713 δ
512 2660 637 2726 ἀοίδιμος
650 2661 695 2714 καί
707 2663 793 2728 μέγας
814 2663 843 2715 ἐν
865 2663 1022 2728 ἀρχιερεῦσι
1034 2663 1169 2726 Μελέτιος
1191 2665 1314 2730 ὑπῆρχεν
1333 2664 1364 2716 ἐν

261 2761 321 2824 τοῖς
340 2760 452 2826 χρόνοις
473 2758 672 2813 Κωνσταντίου
693 2788 726 2798 -
747 2759 808 2814 Des.
829 2761 878 2823 τὰς
900 2761 1002 2826 ἀρετάς
1023 2761 1112 2814 αὑτοῦ
1131 2763 1364 2827 διεῐερχόμενος...

263 2860 281 2914 ἀ
320 2877 345 2914 ν.

173 2860 331 3040 18103.
359 2957 685 3040 101103.)”Αοιησις
714 2963 779 3022 τῶν
806 2958 908 3035 ἁγίων
937 2960 1065 3038 χιλίων
1097 2963 1210 3038 τριῶν
1237 2965 1303 3026 τῶν
1330 2964 1364 3025 ἐν

126 3075 323 3157 Νικομηδείᾳ
336 3075 579 3138 τελειωθέντων.
1207 3076 1299 3140 Febr.
1318 3077 1364 3141 12.

296 3190 352 3245 lue.
370 3189 497 3255 Ἐγένετο
514 3189 544 3243 ἐν
560 3191 619 3253 τοῖς
639 3193 745 3256 καιροῖς
758 3193 807 3257 τῆς
821 3190 959 3255 βασιλείας
972 3193 1180 3258 Διοκλητιανοθ
1200 3196 1253 3245 τοῦ
1267 3195 1366 3246 δυσσε-

263 3293 329 3357 βοθς
339 3322 371 3330 -
380 3290 442 3343 Des.
455 3291 485 3343 ἐν
495 3288 664 3356 Νικομηδείᾳ
676 3293 726 3357 τῆς
740 3292 942 3358 μητροπόλεως
955 3294 1004 3357 τῆς
1015 3291 1144 3354 Βιθυνίας
1156 3291 1200 3345 ἐπὶ
1210 3293 1240 3345 δέ
1249 3293 1367 3361 Διοκλη-

262 3394 385 3444 τιανοθ...
399 3390 480 3456 ἀμήν.

173 3494 230 3554 19.
251 3487 332 3571 (Fol.
363 3487 536 3570 103-110v.)
567 3487 641 3564 Βίος
669 3490 718 3550 καί
744 3488 883 3552 πολιτεία
913 3492 972 3552 τοῦ
1002 3489 1098 3554 ὁσίου
1125 3493 1248 3570 πατρὸς
1274 3492 1366 3570 ἡμῶν

128 3606 402 3683 Μαρτινιανοῡ.
1207 3607 1300 3673 Febr.
1319 3608 1366 3673 13.

296 3719 452 3774 Ιιια.Ἔστιν
463 3721 531 3787 ἀρος
541 3721 658 3786 ἐγγιστα
676 3720 839 3787 Καισαρείας
858 3725 908 3788 τῆς
923 3724 1033 3786 πόλεως
1046 3723 1238 3791 Παλαιστίνης
1254 3758 1284 3765 -
1303 3726 1366 3780 Des.

262 3821 409 3875 ἐκέλευσεν
418 3820 471 3873 οῦν
482 3818 659 3882 ἀέπίσκοπος
672 3821 701 3872 ἐν
713 3822 793 3888 τόπῳ
806 3821 932 3888 ἐπισήμῳ
948 3826 1075 3888 ταφῆναι
1089 3824 1203 3890 αὐτήν...
1217 3825 1299 3891 ἀμήν.

296 3920 391 3974 Latine
403 3919 431 3973 in
446 3923 503 3973 Act.
515 3920 561 3974 SS.
574 3919 607 3972 ed
619 3920 645 3974 d.
659 3920 690 3973 13
698 3919 836 3982 Februarii,
849 3920 881 3984 Π,
891 3922 1009 3974 667011.

174 4026 232 4087 20.
255 4020 336 4104 (rol.
360 4018 531 4101 1102128.)
554 4019 627 4096 Βίος
654 4022 702 4082 καὶ
724 4020 865 4082 πολιτεία
887 4023 936 4082 καὶ
955 4019 1094 4098 ἄσκησις
1109 4025 1168 4085 τοῦ
1185 4022 1365 4098 ἁγιωτὰτου

132 4140 186 4201 καί
196 4136 438 4216 μακαριωτάτου
461 4135 676 4201 Αὐξεντίου.
692 4167 723 4187 =
739 4135 777 4199 B.
1211 4138 1304 4203 Febr.
1321 4142 1366 4204 14.

178 4266 704 4351 21.(θοί.118ι-131ι.)’λθλησις
729 4271 788 4331 τοῦ
815 4268 908 4343 ἁγίου
937 4270 986 4330 καὶ
1014 4268 1148 4333 ἐνδόξου
1176 4270 1365 4334 ἀποστόλου

134 4385 341 4464 Ὀνησίμου
358 4387 502 4461 μαθητοῦ
513 4383 689 4461 γεγονότος
709 4382 843 4446 Παύλου
862 4387 921 4445 τοῡ
935 4383 1123 4447 ἀποστόλου
1137 4390 1367 4464 συγγραφεῑσα

134 4502 222 4580 παρὰ
237 4498 395 4578 Εὐοεβίου
410 4502 470 4563 τοῦ
485 4498 672 4578 Παμφίλου.
1208 4501 1301 4565 Febr.
1319 4502 1367 4567 15.

299 4613 355 4668 Ine.
365 4613 458 4681 Χαίρει
470 4613 515 4668 καί
525 4614 607 4679 γένος
619 4614 758 4693 οἰκετικὸν
770 4615 812 4668 ἐπ’
823 4613 948 4682 εὐσεβείᾳ
957 4616 1168 4681 γνωριζόμενον
1178 4645 1210 4654 -
1220 4617 1281 4670 Des.
1293 4617 1365 4685 γυνὴ

268 4715 300 4768 δέ
310 4729 351 4778 τις
363 4716 505 4774 βασιλικοῦ
517 4714 618 4779 γένους
633 4714 738 4775 ἔχουσα
750 4715 961 4781 λαμπρότητα...
974 4714 1045 4782 αὐτῇ
1058 4713 1225 4781 πορίζουσα.
