3284 5536
371 400 460 453 meu.
488 401 568 452 rur.
595 401 708 452 rums.
728 421 775 431 —
801 400 904 451 αουο.
933 400 1032 468 truce,
1059 399 1134 452 ιιοιι.
1302 379 1369 451 107

175 595 212 652 4.
234 588 311 671 (rol.
329 589 500 672 17318οί.)
515 589 582 653 Τοῦ
594 588 695 652 αὐτοῦ
710 589 809 666 λόγος
825 590 869 666 είς
885 590 941 652 τὸν
961 589 995 652 ἐν
1014 589 1116 665 ἁγίοις
1138 590 1260 666 πατρὸς
1276 590 1367 668 ἡμῶν

129 705 236 781 μέγαν
248 704 393 784 ίερὸρχην
404 705 610 784 μυροβρύτην
626 707 675 768 καὶ
690 706 938 783 θαυματουργὸν
961 704 1161 768 Νικόλαον.
1177 725 1210 747 =
1227 705 1329 769 12132.

673 1002 841 1077 19591.

167 1169 346 1232 chartaceus,
358 1167 488 1221 ίοίίοτιιιιι
499 1168 556 1231 295,
566 1168 663 1231 0⁰,280
676 1176 702 1225 ><
722 1168 826 1231 0⁰,t00‚
839 1167 909 1220 binis
925 1165 1059 1219 columnis
1075 1168 1203 1218 exaratus
1220 1180 1290 1217 saec.
1302 1161 1370 1215 XIV.

130 1268 217 1321 Varia
231 1284 310 1321 secra
318 1267 516 1335 complectitur,
527 1282 599 1334 quae
610 1266 680 1320 iuter
691 1267 761 1320 haec
770 1271 877 1320 tantum
888 1264 1097 1332 hagiographicu
1111 1267 1176 1317 sunt
1187 1283 1193 1317 :

178 1425 209 1481 1.
233 1416 500 1499 (recor-203.)
522 1417 596 1494 Βίος
622 1419 671 1479 καί
694 1415 834 1480 πολιτεία
848 1419 908 1478 τοῦ
925 1415 1021 1478 ὁσίου
1042 1415 1166 1491 πατρὸς
1188 1415 1277 1491 ἡμῶν
1302 1411 1369 1474 Εὐ-

128 1535 344 1611 φροσύνου
366 1537 426 1596 τοῦ
442 1534 605 1610 μαγείρου.
621 1557 654 1576 =
667 1530 703 1596 B.

175 1655 210 1712 2.
233 1648 312 1728 (rot.
327 1648 486 1730 993905.)
500 1649 580 1726 Περὶ
601 1652 659 1712 τοῦ
682 1648 857 1724 γεγονότος
879 1648 1041 1723 θαύματος
1063 1647 1096 1709 ἐν
1113 1647 1371 1709 Κωνσταντινου-

128 1766 227 1828 πόλει
240 1766 311 1842 περὶ
326 1769 382 1842 τῆς
397 1765 605 1842 μνησικακίας
617 1767 675 1826 τοι)
688 1764 840 1826 διακόνου
858 1765 907 1826 καὶ
923 1766 982 1825 τοῦ
997 1763 1232 1840 πρεσβυτέρου.
1291 1839 1294 1843 ,

302 1881 356 1934 luc.
366 1882 538 1945 Θαυμαστὸς
548 1880 564 1932 ὁ
578 1881 649 1943 θεὸς
659 1881 688 1933 ἐν
701 1882 760 1943 τοῖς
770 1879 857 1944 ἁγίοις
868 1881 956 1932 αὐτοῦ
967 1893 1056 1946 φησιν
1066 1879 1082 1930 ὁ
1092 1878 1227 1943 μακάριος
1236 1876 1371 1930 Δαυΐδ-

271 1979 329 2032 Dee,
341 1979 394 2044 τήν
407 1979 439 2031 ὁὲ
450 1979 545 2044 ψυχὴν
557 1977 695 2043 γενναίως
705 1979 804 2044 φέρειν
816 1979 883 2042 τοὺς
896 1979 1052 2040 κινδύνους.

176 2084 213 2141 3.
235 2076 313 2157 (Ful.
325 2077 515 2159 eunucu.)
531 2077 605 2153 Βίας
617 2081 675 2139 τοῦ
691 2077 787 2140 ὁσίου
803 2078 926 2154 πατρὸς
941 2077 1031 2154 ἡμῶν
1052 2074 1298 2152 Ὀνουφρίου.

300 2192 354 2246 ίιια.
364 2192 408 2245 Ἔν
420 2192 468 2260 μίᾳ
480 2195 538 2244 τῶν
550 2193 664 2259 ἡμέρων
677 2194 733 2257 ἐγὼ
747 2194 762 2245 ὁ
773 2193 916 2255 ἐλάχιστος
933 2192 1118 2258 Παφνοίιτιος
1132 2191 1261 2257 σπουὸἠν
1274 2191 1367 2256 ἐποιη-

272 2293 362 2358 σάμην
374 2319 407 2328 -
419 2291 481 2345 Des.
494 2292 643 2345 κατέλιπον
655 2293 726 2345 αὺτὸ
739 2291 777 2355 είς
789 2292 842 2358 τὴν
855 2290 937 2356 ἁγίαν
949 2296 1001 2345 τοι)
1015 2291 1088 2345 Θεοί)
1101 2289 1250 2356 ἐκκλησίαν
1260 2289 1297 2353 είς
1311 2289 1371 2355 κέρ-

270 2393 318 2454 ὁος
330 2390 376 2443 καὶ
388 2390 596 2458 εὐφροσύνην...
609 2391 690 2456 ἁμήν.

694 2653 823 2728 1995.

166 2811 242 2864 Olim
253 2812 398 2874 Mediceus,
412 2813 513 2879 Regius
524 2814 598 2867 9989.

166 2909 341 2974 chartaceus,
364 2912 492 2966 soliorum
515 2913 573 2976 349,
599 2914 695 2976 0¹²‚200
719 2924 742 2970 κ
765 2915 868 2979 0·,115,
891 2913 968 2967 lincis
990 2913 1084 2981 plenis,
1104 2913 1216 2966 diversis
1243 2912 1372 2966 manibus

130 3025 204 3063 suec.
216 3009 339 3062 ltu-xvt
352 3015 489 3064 exaratus.

165 3108 259 3162 Codex
269 3108 505 3173 miscellaneus,in
513 3126 577 3177 quo,
585 3115 694 3177 praeter
706 3128 771 3164 mox
784 3112 951 3165 recensenda
964 3111 1070 3179 aliaque
1082 3127 1138 3164 non
1151 3109 1370 3179 hagiographica,

128 3208 231 3275 legitur
248 3207 464 3274 (f01.304313·]:
485 3209 645 3263 Ὰκολουθία
658 3210 696 3273 είς
714 3211 765 3263 τόν
778 3211 807 3262 ἐν
820 3210 908 3275 ἁγίοις
921 3211 1030 3276 πατέρα
1050 3212 1131 3277 ἡμῶν
1143 3211 1261 3276 Μόρκον
1281 3212 1370 3277 ἀρχιε-

129 3307 276 3360 πίσκοπον
288 3306 409 3374 Ἐφέσου
421 3308 473 3361 τόν
485 3308 552 3362 νέον
561 3310 708 3374 θεολόγον.

176 3446 206 3501 1.
229 3437 642 3523 ίΓοί.178-933.)Διήγησις
657 3443 705 3503 καὶ
722 3440 925 3517 ἀποκάλυψις
935 3442 994 3502 τοῦ
1008 3437 1103 3502 ὁσίου
1120 3439 1263 3518 [πατρὸς]
1276 3441 1367 3518 ἡμῶν

128 3552 345 3632 Ἱλαρίωνος
367 3558 427 3617 τοῦ
444 3557 584 3632 μεγάλου
608 3559 657 3619 καὶ
678 3556 834 3633 ἀσκητοῦ,
849 3557 887 3633 ἃς
907 3556 957 3618 καὶ
983 3556 1159 3632 διηγήσατο
1175 3556 1258 3632 πρός
1283 3575 1370 3633 πνας

131 3672 337 3750 ε’ροτώμενος
351 3677 514 3752 μοναχοὺς
528 3674 792 3752 είιλαβεστάτους.

297 3789 353 3843 luc.
365 3790 405 3856 Τῇ
419 3791 505 3857 ἑορτῇ
517 3792 576 3843 τῶν
588 3790 677 3856 ἁγίων
691 3791 862 3844 ἀποστόλων
876 3791 946 3855 μετὰ
958 3790 1034 3846 τὸν...

173 3891 206 3949 2.
229 3885 308 3969 (Fol.
323 3887 500 3970 258275'.)
512 3889 585 3967 Βίας
602 3891 651 3952 καὶ
663 3890 802 3952 πολιτεία
814 3893 873 3952 τοῦ
886 3889 981 3953 ὁσίου
993 3890 1115 3966 πατρὸς
1128 3889 1218 3967 ἡμῶν
1242 3889 1369 3953 Μάκα·

130 4021 200 4078 ρος
225 4006 285 4065 τοῦ
311 4002 470 4080 Ῥωμαίου
496 4009 555 4068 τοῦ
587 4005 780 4082 οἰκήσαντος
809 4004 842 4068 ἐν
869 4006 1015 4087 σπηλαίῳ
1035 4004 1099 4068 ἀπὸ
1122 4006 1149 4067 κ’
1170 4005 1281 4082 μιλίων
1305 4009 1364 4068 τοῦ

132 4117 347 4194 παραδείσου.

295 4233 350 4288 luc.
367 4235 594 4301 Παρακαλοῦμεν
613 4237 690 4302 ἡμεῖς
707 4236 733 4288 ot
745 4235 871 4289 ταπεινοί
888 4235 932 4288 καὶ
944 4235 1190 4301 ἐλαχιστομοναχοί
1204 4266 1234 4273 -
1246 4236 1309 4290 Dee.
1321 4235 1367 4290 καί

262 4334 330 4397 τούς
343 4333 512 4399 σεβασμίους
524 4335 800 4398 τόπουςέξελθόντες
812 4335 982 4401 ἁπὴλθωμεν
993 4335 1076 4388 πόλιν
1088 4334 1126 4398 είς
1136 4335 1189 4402 τὴν
1199 4336 1366 4389 Μεσοποτα-

266 4431 338 4496 μίαν.

171 4537 206 4594 3.
228 4528 308 4613 (rol.
323 4530 499 4616 314-319v.)
513 4531 696 4596 Ἀκολουθία
712 4533 755 4609 είς
770 4533 827 4596 τὸν
842 4532 934 4607 ἅγιον
956 4533 1100 4610 Μιχαήλ
1122 4533 1179 4596 τὸν
1196 4532 1229 4595 ἐν
1251 4532 1364 4610 Ἀὸρια·

128 4646 282 4710 νουπόλει
297 4649 355 4710 τόν
369 4648 445 4711 νέον
457 4648 602 4726 μάρτυρα
612 4650 670 4713 τὸν
686 4649 884 4725 καλούμενον
900 4648 1114 4725 Μαυροειὸίγν.
1206 4647 1299 4711 Febr.
1314 4647 1361 4711 17.

297 4760 427 4816 Officium
439 4779 502 4816 cum
515 4763 674 4830 Synaxcrio.
