3284 5536
183 2139 264 2203 Cum
280 2140 447 2221 hucusque
462 2139 494 2202 in
510 2138 663 2220 catalogis
675 2139 821 2202 codicum
832 2137 1157 2220 hagiographicorum
1169 2137 1375 2201 conficiendis

142 2239 182 2301 de
204 2239 311 2302 latinis
338 2238 564 2302 {antummodo
580 2238 704 2301 solliciti
720 2238 884 2314 fuerimus
902 2257 944 2302 ne
965 2256 1081 2319 graeca
1102 2236 1267 2301 volumina
1283 2236 1374 2318 quasi

141 2338 306 2419 despectui
335 2338 495 2400 habentes
520 2338 742 2419 neglegentiae
767 2337 899 2402 crimine
924 2356 1142 2419 argueremur,
1169 2357 1208 2401 ea
1230 2337 1375 2409 maxime

140 2443 258 2511 aetate,
272 2457 336 2518 qua
349 2458 407 2518 per
420 2437 526 2500 varias
541 2437 690 2518 Europae
701 2441 813 2519 partes
824 2437 882 2500 viri
895 2437 1010 2501 eruditi
1023 2441 1091 2500 tam
1107 2436 1220 2500 sedulo
1234 2437 1267 2500 in
1278 2436 1374 2500 docu-

140 2542 250 2600 menta
266 2537 482 2600 ecclesiastica
498 2537 603 2617 graeci
619 2537 778 2600 sermonis
803 2536 979 2618 inquirunt,
1005 2542 1041 2600 ut
1063 2536 1188 2601 codices
1206 2535 1375 2618 hagiogra-

139 2637 250 2717 pbicos
263 2656 395 2716 graecos
406 2655 575 2699 recensere
583 2635 995 2717 aggrederemur,animum
1005 2636 1277 2700 induximuslam
1285 2654 1372 2712 vero,

140 2736 292 2818 quoniam
309 2736 424 2798 ceteris
450 2737 599 2816 lluropae
625 2736 827 2799 bibliothecis
850 2755 923 2799 cum
943 2754 1039 2799 omne
1054 2754 1155 2816 genus
1183 2753 1372 2816 graecorum

139 2835 303 2910 librorum,
331 2840 400 2898 tum
423 2836 565 2897 mammo
591 2835 616 2895 V
619 2835 737 2898 ilarum
753 2838 941 2898 sanctorum
963 2835 1056 2917 copia
1077 2833 1268 2898 Parisiensis
1278 2833 1373 2915 longe

140 2933 319 3009 antecellat,
346 2935 387 2997 ab
407 2934 459 2996 illa
482 2954 563 3014 opus
589 2934 808 2998 incohandum
834 2933 995 3010 duximus
1021 2934 1258 2997 communicato
1284 2933 1373 3015 prius

140 3033 270 3096 consilio
286 3053 358 3095 cum
376 3034 443 3096 viro
460 3033 687 3109 eruditissimo,
703 3037 887 3097 nostrorum
901 3033 1082 3098 studiorum
1095 3034 1221 3098 fautore
1233 3031 1373 3110 assidue,

141 3131 1374 3214 HuamcoOuourgraeciscodicibusParisieusibuscustodiendispraefecto·

141 3230 201 3307 Qui
217 3231 337 3303 statim,
355 3252 419 3312 qaia
434 3235 484 3293 est
499 3251 576 3312 erga
591 3250 650 3294 nos
665 3230 902 3308 benevolentia,
916 3231 1031 3294 lilteris
1047 3231 1132 3294 datis
1147 3231 1299 3294 certiores
1314 3249 1374 3293 nos

140 3329 213 3393 secil
234 3351 298 3393 nou
321 3336 449 3393 tantum
472 3331 682 3394 veliementer
704 3331 764 3394 sibi
789 3331 921 3412 probari
946 3330 1160 3412 propositum,
1186 3329 1244 3394 sed
1270 3333 1302 3392 et
1327 3329 1373 3392 rei

140 3431 356 3510 perliciendae
378 3430 601 3493 lubentissime
623 3450 757 3511 operam
777 3449 849 3493 sese
875 3429 1077 3506 collaturum,
1093 3429 1224 3510 iamque
1240 3428 1319 3491 dala
1335 3466 1373 3474 —

141 3529 354 3591 commodatae
370 3530 476 3592 dicam
488 3550 530 3593 an
542 3530 749 3592 incommoda
767 3566 806 3574 -
824 3530 1002 3604 occasione,
1028 3528 1157 3610 incepto
1178 3528 1266 3591 viam
1291 3531 1372 3591 stra-

141 3629 242 3702 visse3
269 3649 304 3690 se
327 3629 421 3696 enim.
445 3634 521 3692 ante
543 3648 672 3691 nrenses
688 3629 819 3710 aliquot,
836 3648 909 3691 cum
925 3627 1065 3692 adversa
1079 3627 1266 3691 valetudiue
1280 3626 1372 3690 labo-

142 3731 238 3803 raret,
256 3731 287 3789 et
309 3728 412 3791 morbi
440 3729 546 3790 minus
572 3748 671 3809 quarn
693 3728 748 3791 otii
772 3727 913 3790 diuturni
932 3727 1081 3791 molestia
1105 3730 1318 3808 premeretur,
1340 3726 1373 3790 in

143 3827 327 3889 evolvendis
356 3827 632 3908 excerpendisque
660 3827 823 3890 codicibus
859 3812 1117 3908 lragiographieis
1144 3827 1267 3907 graecis
1289 3827 1374 3889 sola-

142 3926 225 3988 cium
242 3926 428 4007 quaesiisse,
445 3928 632 4007 fructusque
647 3945 805 4007 operosae
821 3945 900 3990 suae
915 3925 1032 4008 quietis
1048 3925 1217 3990 nobiscum
1229 3945 1373 3989 commu-

144 4026 250 4087 nicare
263 4026 505 4105 paratissimum
522 4045 608 4097 esse;
625 4025 710 4106 quod
727 4029 759 4088 et
774 4025 945 4106 praestitit.

185 4123 285 4185 Simul
299 4128 397 4204 atque
410 4125 554 4204 arnplam
569 4124 656 4186 illam
672 4128 899 4205 excerptorum
915 4123 1158 4205 supellectilem,
1175 4143 1240 4205 qua
1255 4124 1288 4186 in
1303 4123 1374 4204 ipso

144 4223 251 4302 operis
268 4223 399 4285 exordio
412 4224 662 4299 instruebamur,
675 4223 898 4304 expendimus,
910 4223 1018 4287 mirati
1030 4242 1142 4287 sumus
1154 4222 1375 4286 incredibilem

144 4322 259 4401 egregii
278 4322 334 4383 viri
351 4322 548 4401 diligentiam
571 4326 603 4385 et
617 4322 856 4398 liberalitatem,
872 4323 931 4386 sed
953 4325 985 4386 et
1008 4321 1214 4403 exploratum
1237 4321 1296 4385 luit
1317 4321 1374 4385 tali

144 4421 289 4482 adhibito
305 4422 448 4483 subsidio
464 4421 609 4485 laborem
625 4427 771 4485 nostrum
788 4422 965 4502 plurimum
980 4421 1123 4485 levatum
1139 4422 1185 4486 iri.
1201 4421 1273 4499 Quo
1289 4421 1376 4486 enim

146 4524 291 4599 tempore
308 4520 487 4600 menologia
503 4521 602 4584 totius
618 4520 832 4585 bibliothecae
848 4521 1025 4602 praecipua
1040 4520 1221 4598 evolvebat,
1237 4522 1269 4584 in
1285 4521 1376 4585 sche-

145 4619 227 4680 dulis
263 4620 504 4681 accuratissime
536 4621 700 4683 referebat
729 4620 883 4701 quicquid
922 4620 965 4684 ad
995 4619 1172 4684 eorundem
1206 4624 1376 4684 externam

145 4719 286 4797 speciem
320 4719 572 4799 dignoscendam
601 4718 734 4797 confert,
762 4738 827 4800 qua
856 4739 896 4783 ex
925 4719 1063 4785 materia
1091 4719 1228 4784 confecti
1267 4723 1375 4783 essent
