3284 5536
359 396 431 470 334
604 420 693 471 Bm.
721 420 801 472 παπ.
828 420 942 474 mals,
960 443 1006 451 -
1029 423 1108 475 con.
1135 422 1253 474 sum.
1283 422 1343 474 τοο.

401 612 433 671 9.
456 607 534 688 (Fol.
554 608 709 691 148-167.)
726 609 911 688 Μαρτύριον
933 614 999 674 τῶν
1015 610 1115 686 ἁγίων
1131 612 1303 689 μαρτύρων
1321 611 1495 688 Θύρσου,
1517 611 1586 675 Λευ·

360 722 440 795 κίου,
456 722 647 798 Καλλινίκου,
663 725 845 802 Φιλήμονος
861 727 910 787 καὶ
925 724 1135 789 Ἀπολλωνίου
1149 755 1180 773 =
1195 725 1230 790 B.
1456 727 1530 791 Dec„
1544 726 1587 790 14.

403 846 457 903 10.
480 839 735 922 (F01.167-173.)
759 841 945 918 Μαρτύριον
969 845 1028 904 τοῦ
1052 842 1145 917 ἁγίου
1167 842 1399 921 ἱερομάρτυρος
1427 842 1588 905 Ἐλευθε·

361 955 454 1032 ρίου.
466 982 499 1001 =
512 955 548 1018 B.
1456 958 1530 1023 Dec.
1544 959 1587 1022 15.

404 1077 458 1132 11.
481 1069 558 1151 (Fol.
569 1071 951 1153 1731-1851.)Ύπόμνημα
963 1072 1006 1148 είς
1017 1073 1074 1136 τόν
1086 1073 1184 1149 μὲγαν
1195 1074 1369 1151 προφήτην
1383 1074 1529 1151 Δανιὴλ
1543 1076 1587 1136 καί

359 1188 436 1263 τοὺς
453 1185 564 1263 ἁγίους
579 1189 663 1264 τρεῖς
679 1191 795 1263 παῖδας
811 1187 956 1261 Ἀνανίαν,
973 1187 1119 1266 Ἀζαρίαν,
1135 1188 1271 1265 Μισαήλ.
1288 1213 1321 1233 =
1339 1188 1444 1252 11702.
1466 1188 1586 1253 Decjss.

403 1307 457 1364 12.
490 1301 569 1374 (Κοί.
599 1302 954 1380 1851-1911.)Ἀθλησις
980 1307 1040 1367 τού
1066 1302 1158 1380 ἁγίου
1189 1306 1238 1366 καὶ
1266 1304 1402 1368 ἐνδόξου
1430 1305 1587 1383 μάρτυρος

360 1416 593 1494 Βονιφατίου
617 1422 675 1480 τού
693 1417 861 1496 Ῥωμαίου.
877 1444 910 1463 =
924 1419 950 1482 B
966 1419 993 1481 9.
1452 1419 1527 1484 Dec.
1545 1420 1586 1483 19.

403 1540 456 1597 13.
480 1533 558 1615 (Fol.
576 1534 732 1616 199-901.)
748 1534 934 1612 Μαρτύριον
949 1538 1008 1598 τού
1024 1535 1117 1611 ἁγίου
1134 1535 1296 1612 μάρτυρος
1326 1536 1585 1614 Σεβαστιανού

359 1650 408 1710 καὶ
431 1653 487 1726 τής
505 1651 660 1726 συνοδίας
675 1648 774 1712 αὐτοῦ
797 1650 903 1728 Ζωῆς,
919 1650 1147 1728 Τραγκυλίνου,
1172 1650 1405 1728 Νικοστράτου,
1425 1650 1585 1723 Κλαυδίου,

359 1765 534 1842 Κάστορος,
550 1765 750 1843 Τιβουρτίου,
767 1765 965 1839 Καστούλου,
981 1765 1182 1843 Μαρκελίνου
1200 1768 1249 1828 καὶ
1263 1765 1410 1843 Μάρκου.
1426 1791 1459 1811 =
1474 1766 1509 1830 B.

1452 1881 1527 1945 Dec.
1541 1882 1582 1944 19.

405 2002 459 2057 14.
484 1994 562 2076 (Fol.
574 1996 733 2078 909-908.)
755 1996 941 2073 Μαρτύριον
956 1999 1014 2059 τού
1031 1996 1124 2072 ἁγίου
1142 1997 1191 2058 καὶ
1208 1995 1345 2061 ἐνδόξου
1359 1997 1585 2074 ἱερομόρτυρος

358 2109 541 2186 Ἰγνατίου
569 2115 627 2173 τοῦ
647 2111 825 2189 θεοφόρου.
840 2136 872 2155 =
894 2111 963 2174 Β3.
1449 2111 1524 2176 Dec.
1538 2112 1582 2176 90.

403 2234 457 2290 15.
481 2226 558 2306 (Fol.
585 2226 745 2308 908913.)
771 2227 957 2304 Μαρτύριον
986 2231 1042 2304 τῆς
1075 2226 1166 2303 ἁγίας
1192 2226 1356 2305 μάρτυρος
1385 2225 1585 2305 Ἰουλιανῆς

358 2347 414 2420 τής
430 2343 463 2406 ἐν
487 2343 675 2424 Νικομηδείᾳ
691 2343 953 2420 μαρτυρησὰσης.
969 2382 1002 2401 =
1018 2342 1053 2406 B.
1449 2343 1525 2408 Dec.
1539 2344 1584 2407 91.

404 2464 458 2522 16.
482 2458 559 2539 (Fol.
575 2458 735 2538 913-996.)
751 2460 937 2536 Μαρτύριον
960 2464 1016 2536 τής
1032 2458 1122 2535 ἁγίας
1138 2460 1187 2521 καὶ
1203 2458 1337 2523 ἐνδόξου
1355 2461 1585 2538 μεγαλομὰρτυ-

361 2595 419 2652 ρος
441 2573 685 2650 Ἀναστασίας
697 2603 728 2621 =
743 2574 769 2637 B
786 2575 812 2637 1.
1455 2575 1530 2640 Dec.
1541 2576 1585 2639 99.

404 2698 458 2754 17.
482 2689 560 2771 (Καί.
583 2689 756 2769 996-9981.)
774 2690 959 2767 Μαρτύριον
981 2694 1046 2752 τῶν
1063 2688 1162 2765 ἁγίων
1182 2690 1271 2753 δέκα
1296 2691 1502 2769 μαρτύρων
1526 2696 1587 2755 τῶν

361 2806 394 2869 ἐν
411 2806 513 2888 Κρήτῃ
528 2837 561 2855 =
575 2805 610 2868 B.
1450 2806 1526 2871 Dec.
1541 2807 1586 2871 93.

404 2928 458 2986 18.
482 2923 518 3004 (F
520 2922 559 2985 ol.
573 2921 731 3001 999914.)
746 2921 819 2997 Βίας
834 2922 883 2983 καὶ
898 2921 1039 2984 πολιτεία
1051 2921 1101 2983 καὶ
1113 2918 1247 2997 ἄθλησις
1262 2925 1319 2998 τῆς
1330 2920 1423 2998 ἁγίας
1435 2922 1587 3001 δσιομόρ·

359 3059 457 3117 τυρος
472 3042 530 3101 τού
543 3038 681 3115 Χριστοῦ
704 3037 884 3113 Εὐγενίας
905 3040 953 3099 καὶ
970 3041 1035 3099 τῶν
1049 3037 1167 3114 ταύτης
1182 3037 1315 3112 γονέων.
1328 3059 1362 3079 =
1372 3037 1409 3102 B.
1454 3037 1587 3103 [91691.

404 3160 457 3219 19.
480 3153 559 3235 (Fol.
575 3152 734 3233 941-953.)
751 3154 824 3229 Βίος
839 3155 888 3215 καὶ
902 3153 1042 3215 πολιτεία
1057 3155 1115 3215 τοῦ
1132 3152 1228 3215 ὁσίου
1243 3153 1365 3229 πατρὸς
1385 3153 1478 3231 ἡμῶν
1500 3154 1589 3218 Θεο-

359 3271 484 3346 δώρου
507 3272 566 3332 τοῡ
581 3271 725 3344 γραπτοῡ
743 3270 791 3330 καὶ
804 3267 997 3344 Θεοφάνους
1012 3269 1070 3328 τοῦ
1087 3267 1233 3344 ἁδελφοῡ
1247 3265 1389 3330 αὐτούξ
1399 3266 1436 3330 Β.
1449 3267 1525 3332 Dec.
1539 3268 1587 3331 27.

400 3391 457 3448 20.
480 3385 517 3466 (F
518 3384 558 3447 ol.
571 3384 744 3465 9539691.)
756 3383 942 3459 Μαρτύριον
955 3386 1018 3445 τών
1031 3381 1130 3457 ἁγίων
1142 3383 1313 3458 μαρτύρων
1323 3381 1422 3460 Ἴνδη
1439 3386 1490 3446 καί
1503 3385 1588 3459 Δόμ·

359 3521 416 3577 νας
432 3502 480 3563 καὶ
496 3503 554 3562 τοῦ
570 3502 714 3576 πλήθους
730 3503 793 3562 τῶν
806 3499 984 3576 δισμυρίων
999 3502 1064 3561 τών
1080 3496 1114 3560 ἐν
1130 3497 1329 3580 Νικομηδείᾳ.
1342 3527 1375 3547 =
1386 3497 1423 3561 Β.
1447 3497 1514 3563 Dec
1539 3500 1589 3564 98.

401 3621 457 3677 21.
480 3614 558 3695 (Fol.
575 3613 764 3691 96999841.)
782 3613 856 3689 Βίος
872 3613 920 3673 καὶ
943 3612 1083 3673 πολιτεία
1098 3614 1156 3673 τού
1173 3611 1269 3673 ὁσίου
1285 3612 1409 3688 πατρὸς
1425 3613 1517 3690 ἡμων
1543 3616 1591 3676 καὶ

360 3730 602 3807 ἀρχιμανδρίτου
630 3730 852 3805 Μαρκέλλου
880 3732 980 3805 μονῆς
995 3731 1059 3789 τῶν
1075 3725 1271 3804 Ἀκοιμήτων.
1283 3750 1316 3770 =
1331 3726 1367 3790 B.
1447 3727 1524 3792 Dec.
1541 3729 1591 3793 99.

401 3845 558 3926 221901.
585 3845 773 3926 &MV-w.)
800 3845 873 3920 Βίος
900 3844 949 3905 καὶ
970 3844 1113 3905 πολιτεία
1136 3847 1194 3920 τῆς
1216 3843 1309 3919 ὁσίας
1335 3842 1510 3922 Μελὰνης
1535 3849 1592 3923 τῆς

359 3959 524 4036 Ῥωμαίας.
540 3991 572 4009 --
591 3959 625 4021 Β.
1451 3956 1527 4022 Dec.
1544 3960 1593 4022 31.

826 4256 973 4304 ευουι..
1021 4231 1123 4304 700.

393 4415 566 4477 chartaceus,
579 4413 708 4466 foliorum
719 4413 818 4474 31380,
828 4413 924 4474 09110
939 4419 963 4468 ><
977 4412 1080 4474 09090,
1091 4411 1169 4464 lineis
1189 4410 1283 4478 plenis,
1303 4428 1347 4464 an.
1370 4413 1435 4466 1631
1456 4420 1591 4468 exaratus.

404 4573 433 4626 1.
456 4563 534 4643 (Καί.
551 4563 668 4635 34-80.)
685 4561 757 4624 Vita
773 4565 905 4624 sanctae
927 4560 1156 4642 Eupraxiae.

524 4678 577 4729 Ine.
587 4675 695 4729 mutila:
736 4678 816 4727 λυσιν
829 4675 971 4740 παρευθύς
983 4673 1056 4734 εἶχεν
1065 4674 1176 4726 ἔννοιαν
1187 4675 1204 4740 ἡ
1218 4673 1394 4740 Εύπραξία-
1402 4675 1463 4730 Des.
1470 4677 1590 4742 θέλομεν

490 4776 673 4829 καταξιωθεῑν
685 4774 729 4827 καὶ
741 4776 817 4839 ἡμεῖς
834 4776 868 4825 νό
881 4775 1095 4838 ἀπολαύσωμεν.
