3284 5536
206 346 277 418 194
512 366 602 416 σιω..
629 365 914 416 NAT.PA1³1s.-
943 363 1023 416 con.
1051 361 1126 418 μοι.

244 563 302 621 27.
324 555 402 639 (Fol.
418 556 579 639 965-981.)
595 556 669 633 Βίος
691 557 740 619 καὶ
765 555 905 619 πολιτεία
926 559 986 619 τοῦ
1011 555 1107 619 ὁσίου
1123 557 1246 635 πατρὸς
1269 557 1362 635 ἡμῶν
1385 559 1434 620 καὶ

203 672 408 750 δμολογητοῦ
430 672 610 749 Μαξίμου.
627 703 657 722 =
677 670 702 734 B
720 671 746 750 1,
762 671 887 753 absque
902 670 1080 752 doxologia.
1284 672 1368 755 Aug.
1386 673 1434 737 13.

244 794 301 853 28.
324 788 402 870 (Fol.
418 789 606 870 ⁶281v-291v.)
616 787 683 852 Τοῦ
700 787 734 850 ἐν
755 786 857 865 ἁγίοις
871 788 994 865 πατρὸς
1009 788 1100 865 ἡμῶν
1112 787 1260 851 Ἰωάννου
1291 792 1435 866 μοναχοῡ

202 906 252 967 καὶ
270 905 494 982 πρεσβυτέρου
524 907 583 967 τοῦ
612 904 834 981 Δαμασκηνοῦ
860 904 1017 982 ἐγκώμιον
1053 904 1098 981 είς
1124 906 1181 981 τήν
1207 905 1357 983 κοίμησιν
1380 909 1437 982 τῆς

203 1018 376 1096 ὑπεραγίας
398 1018 601 1081 Θεοτόκοα.
629 1038 631 1042 ’
1286 1018 1370 1100 Aug.
1387 1017 1437 1081 15.

365 1134 414 1187 Ed.
428 1133 465 1187 Le
477 1134 569 1200 Ουιεπ,
581 1136 608 1187 S.
622 1135 754 1187 Iohannis
765 1134 890 1187 Damaso.
899 1150 967 1201 opp„
975 1132 1078 1197 Venet„
1092 1133 1123 1197 ΙΙ,
1135 1133 1242 1196 ῦόῦῦῦς
1254 1135 1286 1186 P.
1295 1137 1335 1198 6.,
1345 1132 1440 1199 XCVI,

333 1233 431 1286 79454.

243 1337 301 1396 29.
323 1330 401 1413 (Pol.
417 1331 607 1411 291v-298v.)
622 1330 689 1395 Τοῦ
702 1330 803 1394 αὐτοῦ
815 1329 1058 1408 μακαριωτάτου
1078 1329 1228 1394 Ἰωάννου
1248 1334 1307 1394 τοῦ
1323 1330 1435 1407 Δαμα-

202 1451 326 1525 σκηνοῦ
339 1448 383 1525 είς
394 1450 451 1524 τήν
466 1433 614 1525 κοίμησιν
628 1451 685 1525 τῆς
698 1447 870 1524 ὑπεραγίας
892 1446 1097 1510 Θεοτόκου.
1286 1445 1371 1527 Aug.
1386 1446 1436 1509 15.

367 1564 414 1617 Ed.
428 1563 464 1616 LE
477 1564 567 1630 Quum,
579 1563 683 1626 857-68;
695 1564 725 1616 P.
739 1565 780 1624 G„
792 1561 881 1627 XCVI,
894 1562 1009 1616 700721.

244 1687 301 1744 30.
324 1678 403 1761 (Καί.
419 1679 606 1761 9984304.)
620 1677 687 1742 Τοῦ
700 1677 734 1742 ἐν
749 1677 850 1754 ἁγίοις
863 1679 985 1755 πατρὸς
1000 1677 1090 1756 ἡμῶν
1105 1676 1250 1756 Ἀνδρέου
1267 1681 1326 1742 τοῦ
1343 1675 1437 1755 Ἰερο-

204 1795 380 1872 σολυμίτου
402 1794 652 1873 ἀρχιεπισκόπου
672 1793 793 1871 Κρήτης
815 1793 913 1870 λόγος
935 1793 979 1870 είς
999 1795 1057 1871 τήν
1075 1793 1262 1858 πάνσεπτον
1284 1794 1436 1871 κοίμησιν

203 1916 260 1988 τῆς
274 1911 445 1988 ὑπεραγίας
468 1910 673 1974 Θεοτόκου.
688 1932 721 1952 =
735 1908 760 1972 B
774 1909 804 1972 4.
1292 1909 1375 1991 Aug.
1389 1909 1441 1973 15.

244 2034 301 2091 31.
323 2026 401 2109 (Fol.
428 2026 618 2107 304v-31QV.)
640 2025 707 2090 Τοῦ
730 2025 763 2088 ἐν
786 2025 889 2102 ἁγίοις
906 2026 1029 2103 πατρὸς
1045 2027 1134 2103 ἡμῶν
1148 2024 1295 2103 Ἀνδρέου
1312 2026 1440 2104 Κρήτης

203 2141 301 2219 λόγος
315 2142 360 2219 είς
374 2144 431 2219 τήν
446 2143 593 2219 κοίμησιν
607 2146 664 2220 τῆς
680 2141 852 2219 ὑπεραγίας
876 2141 1082 2205 Θεοτόκου.
1098 2141 1168 2204 =B
1182 2141 1233 2206 44.
1283 2141 1367 2223 Aug.
1381 2142 1436 2206 23.

243 2281 300 2340 32.
319 2274 397 2356 (Καί.
415 2274 585 2357 319999.)
601 2274 787 2352 Μαρτῦριον
802 2278 867 2337 τῶν
878 2272 978 2350 ἁγίων
994 2276 1042 2336 καλ
1066 2274 1207 2338 ἐνδόξων
1221 2277 1281 2337 τοῦ
1293 2274 1439 2352 Χριστοῦ

206 2391 378 2469 μαρτύρων
399 2391 592 2468 Ἀδριανοῦ
615 2392 664 2452 καὶ
680 2389 843 2466 Ναταλίας,
860 2391 908 2452 καὶ
923 2394 980 2467 τῆς
995 2390 1150 2466 συνοδίας
1166 2388 1283 2453 αὐτῶν.
1299 2417 1333 2436 =
1348 2388 1384 2452 B.

1284 2506 1367 2588 Aug.
1382 2506 1436 2570 96.

244 2631 301 2688 33.
324 2622 362 2705 (F
363 2623 402 2686 ol.
428 2621 600 2697 399-397.)
615 2621 669 2684 Ἐκ
688 2625 752 2684 τῶν
767 2624 825 2684 τοῦ
842 2621 924 2699 ἀββὰ
942 2621 1104 2698 Ποιμὲνου
1128 2621 1312 2700 κεφαλαίων
1335 2621 1435 2687 ἁπαν·

204 2740 340 2816 ῦίσματα
355 2739 614 2816 ἐγκωμιαστικιῦς
629 2738 785 2815 λεχθέντα.
1287 2738 1370 2819 Aug.
1384 2739 1439 2801 27.

365 2855 421 2909 Ine.
437 2854 502 2907 Ἀλλ’
514 2853 537 2907 εί
550 2855 627 2917 κάγὼ
636 2853 701 2919 περὶ
718 2856 900 2919 ποιμαντικής
918 2854 1023 2918 ἔμαθόν
1039 2869 1067 2906 τι
1081 2854 1159 2919 παρὰ
1176 2858 1228 2907 τοῦ
1246 2856 1370 2920 μεγάλου
1391 2854 1437 2908 καλ

330 2956 449 3020 πρώτου
472 2954 658 3019 ποιμένος-
681 2952 743 3006 Des.
767 2952 813 3005 καὶ
840 2953 878 3015 ὡς
903 2953 1025 3005 δῦνατον
1054 2952 1237 3018 ἐργαζόμενοι
1267 2954 1438 3018 σπεύσωμεν

332 3053 447 3114 εὐχαῖς...
458 3052 539 3116 ἀμήν.

240 3177 297 3234 34.
320 3167 399 3250 (Fol.
415 3167 574 3247 397-330.)
589 3165 766 3243 Ἐγκώμιον
781 3165 815 3228 ἐκ
830 3166 948 3244 μέρους
964 3165 1008 3242 εἰς
1019 3166 1075 3229 τὸν
1091 3166 1125 3228 ἐν
1143 3165 1280 3245 ἀσκήσει
1303 3165 1430 3245 διαλάμ-

204 3303 310 3360 ψαντα
325 3283 419 3346 ὅσιον
433 3283 554 3359 πατέρα
568 3281 659 3358 ἡμῶν
681 3280 824 3356 Μωσήν
845 3280 903 3342 τόν
914 3280 1056 3342 Αἰθίοπα.
1285 3280 1369 3363 Aug,
1386 3283 1434 3347 28,

366 3396 535 3464 ληαὭσπερ
549 3398 690 3450 ἀδύνατον
699 3396 733 3448 τό
750 3396 822 3448 κατὰ
839 3395 892 3460 τήν
904 3395 1055 3460 παροιμίαν
1074 3396 1189 3462 σμήχειν
1199 3395 1317 3450 Αἰθίοπα
1329 3425 1362 3436 -
1374 3397 1434 3451 [λοι.
1453 3436 1457 3444 .

332 3497 498 3551 καὶτούτων
516 3496 632 3550 πλείονα
650 3499 741 3549 ποιων
760 3493 805 3548 καί
816 3495 908 3560 λέγων
921 3494 983 3547 καθ’
992 3495 1099 3560 ἡμέραν
1119 3496 1135 3548 δ
1148 3496 1326 3561 λευκόψυχος
1339 3498 1430 3561 όντως

332 3596 458 3661 Αἰθίοψ...
473 3593 509 3661 ἀμ
531 3614 554 3649 ν.

204 3739 209 3750 ·
240 3704 297 3761 35.
320 3695 398 3778 (Fol.
407 3597 654 3776 3301-311.)100
667 3695 701 3757 ἐν
713 3695 814 3771 ἁγίοις
825 3695 948 3772 πατρὸς
966 3693 1056 3772 ἡμῶν
1069 3693 1215 3771 Ἀνδρὲου
1233 3693 1434 3772 ἀρχιεπισκό·

201 3832 264 3874 που
287 3811 409 3889 Κρήτης
430 3814 489 3874 τοῦ
516 3809 771 3887 Ἱεροσολυμίτου
798 3810 896 3886 λόγος
919 3809 964 3887 είς
992 3811 1050 3886 τήν
1065 3809 1232 3887 ἀποτομήν
1254 3813 1313 3873 τοῦ
1332 3811 1435 3887 τιμίου

198 3929 382 4005 προφήτου,
396 3926 586 4004 προδρόμου
602 3927 651 3989 καὶ
668 3927 843 4002 βαπτιστοῦ
866 3924 1052 3990 Ἰωάννου.
1071 3950 1102 3970 =
1117 3924 1215 3988 54822.
1279 3924 1364 4006 Aug.
1381 3926 1430 3990 99.

241 4067 298 4125 36.
321 4059 399 4141 (Fol.
421 4059 597 4141 341-345v.)
611 4059 678 4124 Τοῦ
697 4059 731 4122 ἑν
746 4058 848 4136 ἁγίοις
863 4060 985 4137 πατρὸς
1008 4059 1097 4136 ἡμῶν
1122 4058 1282 4132 Ἰωάννου,
1298 4058 1436 4138 ἀρχιεπι·

200 4176 328 4240 σκόπου
344 4175 723 4252 Κωνσταντινουπόλεως,
738 4177 798 4238 τοῦ
820 4174 1060 4254 Κρυσοστόμου
1081 4175 1180 4252 λόγος
1204 4175 1248 4252 είς
1263 4177 1323 4252 τήν
1334 4174 1434 4255 Ἡρω-

203 4293 304 4356 διάδα.
1286 4291 1368 4373 Aug.
1384 4291 1437 4356 99.

366 4374 413 4427 Ed.
427 4376 457 4429 P.
472 4378 512 4439 G.
523 4373 590 4439 LIX,
601 4375 701 4428 48590.

241 4481 298 4539 37.
321 4472 399 4556 (Fol.
425 4473 584 4554 3443-356.)
607 4473 674 4538 Τοῦ
691 4474 725 4536 ἐν
748 4474 850 4550 ἁγίοις
875 4474 998 4550 πατρὸς
1014 4472 1105 4552 ἡμῶν
1120 4471 1269 4537 Ἰωάννου
1297 4471 1436 4552 ἁρχιεπι-

200 4590 328 4653 σκόπου
351 4588 722 4666 Κωνσταντινουπόλεως
737 4592 796 4651 τοῦ
823 4588 1062 4667 Κρυσοστόμου
1078 4588 1177 4666 λόγος
1191 4589 1262 4666 περὶ
1273 4589 1437 4668 πολιτείας

201 4707 249 4768 καὶ
265 4705 308 4783 εἰς
320 4707 378 4782 τήν
393 4703 557 4783 ἀποτομήν
573 4707 631 4766 τοῦ
653 4704 890 4781 προδρόμου.
902 4723 935 4742 ²
952 4703 1052 4769 11772.
1285 4704 1368 4786 Aug.
1384 4704 1434 4770 99.
