3284 5536
206 332 278 404 314
451 351 543 404 mm.
570 351 651 403 κιπ.
677 351 793 404 amis.
813 372 859 382 -
885 351 965 403 con.
991 351 1102 404 ροισι.
1130 350 1192 402 τοο.

206 539 335 604 σκόπου
362 539 736 618 Κωνσταντινουπόλεως
755 543 815 603 τοῦ
835 539 1073 618 Χρυσοστόμου
1097 539 1200 617 λόγος
1218 539 1264 618 είς
1279 541 1337 604 τὸν
1352 540 1437 616 ἅγιον

205 654 392 718 ἀπόστολον
415 654 475 717 Θω
484 657 563 732 μάν.
578 673 611 693 =
625 653 652 718 B
665 654 696 718 4.

249 777 303 835 15.
327 769 405 850 (Fol.
421 770 598 850 aeli-306.)
615 771 690 848 Βίος
707 772 755 833 καὶ
771 771 945 849 μαρτύριον
961 772 1010 833 καὶ
1022 772 1131 848 μερική
1145 770 1322 848 θαυμάτων
1338 774 1437 850 διήγη-

207 899 260 960 σις
271 887 329 947 τοῦ
346 884 440 960 ἁγίου
456 884 591 948 ἐνδόξου
608 884 892 962 μεγαλομάρτυρος
906 885 1155 963 τροπαιοφόρου
1173 887 1223 948 καὶ
1239 889 1436 964 θαυματουρ·

145 1082 148 1088 ¹
204 1002 266 1076 γοῦ
290 1000 489 1076 Γεωργίου.
504 1030 538 1050 =
552 999 578 1063 B
592 999 619 1063 1.

249 1120 304 1179 16.
328 1113 611 1197 (3013063161)
626 1115 814 1194 Μαρτόριον
836 1119 895 1178 τοῦ
912 1116 1006 1192 ἁγίου
1023 1117 1073 1178 καὶ
1088 1116 1226 1180 ἐνδόξου
1244 1117 1438 1195 μεγαλομάρ-

205 1250 304 1308 τυρος
316 1232 366 1293 καὶ
377 1231 626 1308 τροπαιοφόρου
643 1230 851 1309 Θεοδώρου
873 1234 932 1295 τοῦ
945 1231 1313 1309 στρατηλάτουεθίόί.
1325 1231 1436 1296 Νοκ.8.

249 1351 303 1408 17.
325 1344 403 1428 (Fol.
422 1344 597 1427 3593641)
616 1345 683 1409 Τοῦ
704 1346 738 1409 ἐν
759 1345 860 1423 ἁγίοις
884 1347 1007 1424 πατρὸς
1029 1347 1119 1425 ἡμῶν
1140 1347 1289 1425 Ἀνδρέου
1322 1347 1438 1427 Κρήτης

204 1464 264 1525 τοῦ
280 1460 534 1539 Ἱεροσολυμίτου
550 1461 648 1539 λόγος
662 1461 707 1538 είς
721 1463 779 1539 τήν
794 1461 962 1540 ἀποτομήν
976 1465 1035 1525 τοῦ
1051 1462 1154 1539 τιμίου
1170 1465 1349 1541 προφήτου
1362 1484 1436 1541 προ·

206 1577 330 1655 δρόμου
347 1578 395 1639 καί
413 1579 587 1654 βαπτιστοῦ
607 1575 947 1641 Ἰωὰννου.3548”.

251 1692 407 1776 131301.
431 1692 606 1774 3653701)
626 1692 693 1756 Τοῦ
717 1693 752 1756 ἐν
777 1692 879 1770 ἁγίοις
900 1694 1022 1771 πατρὸς
1045 1693 1137 1770 ἡμῶν
1163 1693 1364 1772 Θεοφάνους
1384 1697 1439 1758 τοῦ

207 1808 411 1887 όμολογητοῦ
428 1810 477 1871 καὶ
493 1808 672 1872 ἐπισκόπου
690 1809 817 1887 Νικαίας
833 1809 931 1886 λόγος
946 1809 990 1886 είς
1005 1811 1062 1886 τήν
1086 1809 1258 1873 κατάθεσιν
1272 1815 1331 1888 τής
1353 1809 1439 1888 ἁγίας

207 1927 312 2003 ζώνης
327 1926 377 1988 καὶ
393 1925 438 2002 εἰς
453 1925 510 2002 τήν
525 1925 625 2002 τιμίαν
641 1927 690 1988 καί
704 1925 837 1990 ἔνδοξον
860 1925 981 2003 ἐσθῆτα
1003 1930 1060 2003 τῆς
1075 1925 1251 2004 ἁπεραγίας
1266 1926 1438 2004 δεσποίνης

206 2038 296 2118 ἡμῶν
319 2038 515 2102 Θεοτόκου
539 2039 656 2116 ἐντοῖς
671 2038 930 2118 Χαλκοπρατίοις.
940 2071 978 2091 =
991 2039 1017 2103 B
1032 2039 1082 2104 57.

675 2393 816 2442 colei.
862 2368 967 2442 506.

240 2598 312 2653 Olim
324 2597 484 2652 monasterii
494 2596 672 2651 Castamoniti
684 2596 712 2650 in
724 2601 820 2652 monte
832 2597 915 2663 Atho,
928 2601 1023 2666 postea
1035 2597 1218 2665 Seguerianua
1228 2599 1287 2655 284.

240 2698 414 2763 chartaceus,
432 2696 561 2751 foliorum
580 2696 638 2761 181,
651 2697 747 2762 01135
767 2706 793 2757 ><
810 2698 913 2763 01168,
931 2697 1008 2752 lineie
1027 2698 1122 2766 plenia,
1142 2703 1307 2754 exaretuea
1330 2700 1441 2755 Daniele

208 2797 346 2852 monacho
359 2812 402 2850 an.
414 2797 485 2850 1549.

242 2897 321 2950 Libro
333 2896 470 2964 praefixus
491 2900 531 2950 ost
542 2896 598 2959 (lol.
615 2897 672 2963 1-3),
686 2897 782 2950 eadem
795 2913 881 2951 mauu
893 2896 1017 2965 semotus,
1030 2898 1153 2954 Vitarum
1173 2899 1255 2954 index
1277 2901 1331 2954 suh
1343 2901 1437 2955 titulo:

210 2997 411 3063 Πανηγυρικὸν
422 3000 539 3062 πρῶτον
555 3000 607 3049 τοῦ
620 2995 818 3062 σεπτεμβρίου.

241 3094 374 3148 Homiliaa
386 3094 504 3162 singulas
515 3111 584 3163 quas
596 3094 683 3148 codex
701 3095 901 3163 complectitur,
913 3097 1113 3151 enumerandas
1126 3113 1182 3151 ιιοιι
1195 3098 1337 3154 duximus.
1348 3099 1441 3154 Obiter

207 3195 339 3249 indicasse
357 3194 474 3248 sufficiat
496 3195 652 3249 encomium
676 3194 701 3248 S.
723 3195 854 3249 Iohannis
880 3196 1042 3251 Damascenl
1065 3197 1094 3250 in
1114 3197 1289 3253 Nativitatem
1312 3200 1442 3268 Deipame

208 3292 251 3360 (=
263 3293 284 3346 B
295 3293 343 3357 13),
355 3293 421 3346 item
432 3292 459 3346 S.
472 3293 596 3346 Andreae
606 3291 741 3347 Cretensis
754 3296 796 3356 (=
808 3293 830 3346 B
844 3294 892 3358 10),
902 3293 1009 3362 Georgii
1024 3294 1249 3363 chartophylacis
1262 3296 1406 3350 homiliam
1415 3297 1442 3350 in

210 3392 462 3447 Praesentationem
473 3392 598 3458 (=Bul‚
608 3392 673 3446 item
683 3392 709 3445 S.
720 3393 847 3447 Germani
857 3393 984 3458 (=Ban‚
995 3393 1022 3446 S.
1031 3393 1156 3447 Andreae
1168 3394 1291 3449 Crotonis
1301 3395 1442 3450 homiliam

208 3490 236 3544 in
245 3489 445 3544 Exaltationem
458 3490 485 3543 S.
497 3491 590 3544 Crucis
599 3489 641 3557 (=
653 3491 744 3554 76011),
757 3489 824 3544 item
842 3490 990 3544 Alexandri
1005 3491 1134 3544 monachi
1147 3491 1191 3556 (=
1201 3491 1224 3545 B
1239 3492 1272 3560 1).

254 3665 283 3721 1.
305 3655 384 3740 (Fol.
399 3656 492 3739 4-8v.)
506 3657 665 3734 Διήγησις
687 3659 746 3720 τοῦ
763 3658 939 3734 γενομένου
963 3658 1126 3736 θαύματος
1140 3658 1227 3736 παρὰ
1249 3661 1309 3722 τοῦ
1331 3679 1441 3723 πανεν-

212 3774 310 3841 δόξου
334 3773 480 3851 Μιχαὴλ
502 3776 560 3836 τοῦ
576 3772 833 3852 ἀρχιστρατήγου
851 3774 885 3837 ἐν
899 3772 1031 3851 Χώναις.
1051 3805 1082 3824 -
1101 3772 1172 3837 Β3.
1313 3773 1403 3857 Sept.
1414 3774 1442 3839 6.

252 3897 285 3954 2.
307 3888 385 3970 (Fol.
399 3889 534 3968 lovel.)
551 3889 750 3967 Ἀναζήτησις
776 3890 826 3952 καί
849 3887 979 3967 εῦρεσις
997 3892 1057 3953 τοῦ
1080 3889 1182 3966 τιμίου
1207 3889 1258 3952 καὶ
1280 3892 1443 3954 ζωοποιοῦ

211 4009 382 4084 σταυροῦ
405 4006 454 4068 ἐπὶ
481 4005 723 4069 Κωνσταντίνου
747 4006 796 4068 καὶ
811 4004 940 4083 Ἑλένης
964 4009 1029 4068 τῶν
1055 4004 1155 4082 ἁγίων
1175 4006 1224 4068 καὶ
1249 4005 1391 4084 πρώτων
1412 4005 1444 4069 ἐν

211 4125 407 4201 χριστιανοῑς
423 4121 569 4199 εὐσεβῶν
585 4121 752 4200 βασιλέων.
768 4153 800 4175 --
815 4121 841 4185 Β
856 4121 885 4185 5.
1293 4121 1385 4204 Sept.
1400 4120 1444 4185 14.

254 4245 286 4303 3.
309 4237 522 4319 (1015378.)
540 4237 726 4316 Μαρτῦριον
742 4240 800 4300 τοῦ
813 4235 907 4314 ἁγίου
924 4235 1208 4314 μεγαλομάρτυρος
1227 4234 1444 4300 Εόσταθίου

214 4354 262 4414 καὶ
278 4351 460 4428 Θεοπίστης
476 4353 605 4414 καὶτῶν
628 4351 688 4413 δύο
704 4352 826 4414 τὲκνων
842 4351 951 4414 αὐτῶν
970 4349 1115 4426 Ἀγαπίου
1132 4350 1181 4412 καὶ
1197 4349 1392 4414 θεοπίστου.
1411 4381 1440 4400 =

213 4465 282 4531 Bt·
1291 4465 1335 4532 Se
1359 4465 1444 4532 tao.

253 4590 287 4647 4.
312 4581 390 4664 (1²01.
406 4581 544 4661 78-117.)
559 4583 712 4662 Περίοδοι
727 4584 796 4661 ήτοι
812 4584 959 4661 θαύματα
975 4586 1033 4647 τοῦ
1050 4583 1184 4648 ἐνδόξου
1208 4585 1259 4646 καί
1281 4487 1444 4662 παιίέυφή-

214 4720 275 4776 μου
303 4697 490 4764 ἀποστόλου
513 4699 688 4764 Ἰωάννου
711 4703 770 4764 τοῦ
790 4701 948 4777 θεολόγου
977 4700 1027 4762 καί
1050 4697 1279 4792 εὐαγγελιστοῦ
1306 4715 1444 4778 συγγρα-
