3284 5536
399 310 443 379 16
708 329 799 380 υιυι..
827 329 907 383 ιιι.
934 328 1047 380 mus,
1075 348 1120 358 —
1147 327 1226 378 σου.
1254 324 1312 377 ιιι.

432 520 571 574 Foliorum
580 520 637 583 214,
649 521 746 584 02390
756 528 782 577 Χ
792 520 896 584 θ’·’,ῑλλ
905 519 975 573 binis
984 518 1127 583 columnis,
1136 524 1264 573 exaratus
1274 534 1289 570 a
1302 517 1432 583 Gregorio
1444 531 1515 568 saec.
1524 513 1632 566 m-xu,

429 620 555 674 Conliuet
566 619 703 672 orationes
714 619 741 673 S.
753 619 874 687 Gregorii
884 618 1046 672 Nananzeni
1058 623 1086 671 et
1097 618 1155 671 eius
1165 617 1254 670 Vitam
1265 638 1271 671 z

439 768 518 851 (Fol.
536 768 697 848 1840206.)
713 768 780 831 Τοῦ
796 768 829 830 ἐν
846 766 947 844 ἁγίοις
968 768 1093 844 πατρὸς
1115 766 1206 843 ἡμῶν
1235 765 1471 842 Γρηγορίου,
1497 763 1633 841 άρχιεπι·

399 885 528 949 σκόπου
551 884 741 961 Καισαρείας
763 883 994 959 Καππαδοκίας,
1020 883 1064 958 είς
1085 883 1142 945 τόν
1162 883 1231 959 βίον
1250 884 1308 943 τοῦ
1330 880 1364 942 ἐν
1386 879 1487 955 ἁγίοις
1509 880 1633 956 πατρὸς

399 1001 490 1078 ἡμῶν
506 1000 685 1091 Γρηγορίόυ
702 1002 760 1061 τοῦ
776 999 945 1074 θεολόγον.
960 1021 992 1040 =
1006 998 1032 1061 B
1046 998 1073 1060 1.

967 1310 1069 1383 5148.

435 1472 507 1526 Olim
521 1473 621 1540 Regius
630 1475 703 1527 9481.
1268 1530 1273 1539 ,

438 1568 773 1633 Membraneus‚soli0ru111
786 1571 843 1633 312,
851 1571 946 1635 02310
957 1578 982 1627 ><
994 1570 1089 1633 Ο“,910
1099 1568 1175 1622 lineis
1188 1569 1282 1636 plenis,
1294 1574 1420 1622 exaratus
1432 1585 1502 1620 saec.
1512 1568 1558 1620 XI.

436 1664 563 1732 Singulae
573 1666 654 1719 huius
666 1666 766 1720 codicis
784 1666 863 1720 Vitae
880 1682 997 1720 numero
1011 1670 1123 1719 notatae
1139 1670 1210 1730 sunt,
1224 1664 1260 1718 ita
1279 1670 1379 1724 tamen.
1391 1670 1420 1718 ut
1431 1665 1490 1718 sine
1507 1665 1635 1719 soliorum

403 1763 605 1828 ίιιίοτνειυίοαο,
623 1781 668 1818 nn.
680 1767 704 1830 8,
713 1767 738 1829 4,
754 1765 968 1833 fisignataesint
981 1781 1031 1818 eae
1050 1780 1118 1832 quas
1130 1781 1190 1829 nos,
1204 1765 1356 1818 secundum
1375 1769 1549 1832 praesentem
1568 1765 1637 1818 ordi-

294 1870 305 1891 ⁰
404 1878 469 1916 nem
478 1864 519 1926 30,
528 1864 569 1924 31,
580 1865 613 1917 32
624 1864 799 1929 signavimus.
809 1865 878 1918 Hinc
888 1881 1067 1918 numerorum
1077 1864 1163 1917 een‘es
1173 1865 1241 1918 haec
1252 1869 1293 1917 est
1304 1865 1350 1927 1·3‚
1360 1865 1385 1923 5,
1394 1865 1417 1926 7,
1426 1868 1449 1925 9,
1462 1865 1541 1919 11131.
1550 1865 1605 1928 8,4,
1612 1867 1636 1917 6.

448 2036 481 2091 1.
497 2027 577 2109 (Fol.
596 2029 671 2108 1-8.)
685 2029 753 2092 Τοῦ
772 2029 806 2092 ἑν
823 2028 926 2107 ἁγίοις
940 2030 1063 2106 πατρὸς
1078 2029 1168 2105 ἡμῶν
1184 2029 1369 2107 Γρηγορίου,
1384 2028 1635 2107 ἀρχιεπισκόπου

412 2141 792 2220 Κωνσταντινουπόλεως,
812 2145 870 2206 τοῦ
886 2143 1054 2218 θεολόγου,
1066 2142 1222 2220 ἐγκώμιον
1237 2143 1281 2219 εἰς
1297 2146 1374 2220 τοὺς
1396 2143 1561 2220 Μακκαβ
1571 2147 1636 2220 είς.

570 2340 657 2393 adm.
668 2343 709 2406 α,
722 2339 929 2403 πίνου-οπο,
1508 2259 1592 2339 Aug,
1610 2262 1636 2321 ¹·

447 2445 479 2502 2.
502 2438 584 2520 (Pol.
605 2439 720 2517 W.)
741 2440 900 2516 Διήγησις
922 2438 1092 2503 Ἰωσίππου
1119 2439 1163 2515 εἰς
1185 2440 1221 2501 τὸ
1248 2440 1420 2516 μαρτύριον
1452 2444 1517 2503 τιῦν
1537 2439 1637 2516 ἁγίων

408 2555 672 2632 Μακκαβαίων,
695 2557 743 2617 καὶ
759 2554 806 2617 ὅτι
822 2553 1064 2631 αύτοδέσποτος
1079 2559 1143 2617 τῶν
1164 2557 1276 2616 παθῶν
1292 2553 1459 2632 ὁεύσεβής
1479 2557 1637 2633 λογισμός

407 2671 502 2734 ἐστιν.
1478 2670 1576 2752 [Aug.
1595 2672 1636 2754 l.]

569 2787 625 2840 Ine.
639 2787 885 2852 Φιλοσοφώτατον
897 2788 984 2850 λόγον
996 2787 1105 2850 μέλλων
1114 2785 1319 2838 ἐπιδείκνυσθαι
1331 2815 1364 2823 -
1373 2786 1433 2838 Des,
1446 2789 1537 2850 ψυχὰς
1551 2789 1638 2851 ἁγνάς

537 2886 583 2938 καί
595 2887 755 2949 ἀθανάτους
765 2887 979 2951 ἀπειληφότες...
989 2887 1070 2951 ἀρήν.

451 2993 483 3049 3.
506 2984 585 3064 (Fol.
598 2985 733 3064 27233.)
744 2985 811 3048 Τοῦ
825 2985 859 3048 ἐν
871 2985 971 3062 ἁγίοις
982 2986 1104 3062 πατρὸς
1116 2985 1206 3061 ἡμῶν
1218 2983 1375 3057 Ἰωάννου,
1386 2985 1637 3062 άρχιεπισκόπου

408 3100 792 3175 Κωνσταντινουπόλεως,
806 3102 865 3162 τοῦ
888 3099 1136 3176 Χρυσοστόμου,
1152 3098 1309 3174 ἐγκώμιον
1331 3099 1375 3174 είς
1396 3102 1473 3175 τοὺς
1495 3099 1638 3163 Μακκα-

409 3216 544 3292 βαίους
561 3217 609 3276 καὶ
621 3216 665 3290 εἰς
681 3216 737 3290 τήν
749 3215 868 3291 μητέρα
879 3214 995 3277 αύτιῦν.
1480 3214 1578 3296 [Aug.
1598 3216 1638 3299 l.]

574 3330 620 3382 Ed.
633 3331 663 3381 1¹.
676 3330 716 3392 G„
731 3328 821 3387 xmx.
833 3329 948 3382 617-624.

448 3436 481 3492 4.
505 3428 583 3506 (Fol.
604 3428 737 3507 33-37V.)
754 3428 788 3490 Ή
809 3428 969 3503 ἐπάνοδος
992 3430 1049 3490 τοῦ
1072 3427 1227 3504 λειψάνου
1243 3431 1301 3489 τοῦ
1321 3427 1413 3502 ἁγίου
1434 3433 1483 3491 καὶ
1502 3431 1638 3495 ἐνδόξου

410 3545 679 3621 πρωτοδιακόνου
703 3546 752 3605 καὶ
771 3543 1049 3620 πρωτομάρτυρος
1074 3542 1272 3620 Στεφάνου
1299 3543 1330 3607 ἐξ
1352 3543 1586 3621 Ἱεροσολύμων
1606 3547 1640 3609 ἐν

410 3660 753 3731 Κωνσταντινουπόλει,
770 3660 804 3721 ἐν
819 3659 950 3735 ἡμέραις
973 3657 1137 3733 Κυρίλλου,
1159 3657 1337 3720 ἐπισκόπου
1356 3659 1590 3736 Ἱεροσολύμων
1606 3662 1639 3724 ἐν

410 3776 539 3852 ἡμέραις
560 3773 734 3850 Εύσεβείου
758 3773 936 3836 ἐπισκόπου
953 3772 1102 3849 Κπόλεως
1123 3774 1156 3835 ἐν
1179 3773 1311 3853 ὑπατείᾳ
1326 3777 1384 3835 τοῦ
1402 3774 1638 3851 εὐσεβεστάτου

413 3892 570 3967 βασιλέως
586 3889 828 3951 Κωνσταντίνου
845 3888 917 3951 υἱοῦ
933 3890 991 3950 τοῦ
1007 3887 1146 3964 μεγάλου
1168 3887 1408 3951 Κωνσταντίνου
1426 3891 1462 3951 τό
1489 3891 1640 3954 όκτωκαι·

410 4007 552 4068 δέκατον.
567 4029 600 4047 =
615 4004 649 4066 B.
1512 4007 1595 4088 Aug.
1611 4009 1641 4071 ἁ.

450 4130 482 4185 5.
506 4120 585 4201 (Pol.
610 4119 743 4183 37149.)
771 4098 849 4195 Βίας
871 4120 920 4180 καὶ
949 4120 1089 4182 πολιτεία
1117 4122 1176 4181 τοῦ
1206 4120 1239 4180 ἐν
1269 4119 1371 4197 ἁγίοις
1399 4123 1521 4198 πατρὸς
1549 4124 1641 4199 ἡμῶν

410 4235 622 4313 Δαλμάτου.
637 4272 668 4292 =
684 4235 719 4298 B.
1513 4237 1596 4319 Aug.
1613 4240 1641 4303 3.

450 4359 484 4416 6.
506 4352 545 4433 (F
546 4351 586 4414 ol.
601 4350 736 4431 49-54v.)
751 4351 938 4429 Μαρτύριον
952 4353 1012 4413 τοῦ
1028 4349 1120 4425 ἁγίου
1136 4350 1299 4428 μάρτυρος
1325 4350 1518 4426 Εύσιγνίο
1529 4375 1557 4416 υ.

1512 4469 1595 4550 Aug.
1611 4472 1641 4533 5.

577 4582 632 4635 Ine.
643 4581 789 4646 Ἰουλιανὸς
802 4584 818 4635 δ
832 4584 960 4648 βασιλεὺς
970 4584 1165 4649 ἀρνησάμενος
1177 4583 1228 4633 τὸν
1239 4583 1404 4647 Χριστόν.»
1415 4585 1472 4636 Dos.
1480 4583 1625 4650 εἰσήνεγκε

542 4681 580 4744 εἰς
595 4682 647 4747 τήν
657 4684 846 4748 βιβλιοθήκην
859 4683 1054 4749 ἐμαρτύρησεν
1065 4683 1119 4735 δέ...
1132 4681 1212 4746 ἁμήν.
