3284 5536
509 391 600 445 οισι..
626 392 708 444 ινιτ.
734 393 848 446 mus.
868 415 913 424 —
940 394 1020 446 αοο.
1048 393 1123 448 ιιιο.
1361 376 1431 446 267

242 592 296 649 15.
321 582 400 665 (Fol.
413 581 754 664 275285λλΔιήγησις
766 581 938 659 θαυμάτων
950 587 1008 646 τοῦ
1021 582 1113 659 ἁγίου
1130 585 1179 647 καὶ
1192 584 1326 685 ἐνδόξου
1340 604 1432 662 μεγα·

200 698 405 777 λομάρτυρος
428 698 612 774 Εὐγενίου
636 701 695 761 τοῦ
711 698 979 776 Τραπεζουντίου.
1282 699 1359 778 [Ιαιι.
1375 700 1436 778 21.]

364 813 420 866 Ine.
429 814 494 866 Τῶν
504 817 558 866 τοθ
570 814 694 879 μεγάλου
705 812 750 866 καὶ
760 817 927 879 θαυμαστοῦ
940 819 992 868 τοθ
1002 815 1124 882 Χριστοῦ
1135 817 1279 882 μάρτυρος
1290 816 1314 869 Ε.
1328 817 1436 881 θαυμά-

332 929 392 966 των
401 913 500 979 πλήθει
512 929 543 966 τε
554 915 691 980 πολλῶ-
702 912 764 966 Des.
774 913 880 984 ἐκεῖθεν
893 914 925 966 δέ
937 914 1160 979 μεθισταμένους
1168 919 1227 968 τῶν
1237 915 1437 982 άτελευτήτων

333 1011 378 1064 καί
391 1010 513 1065 αἰωνίων
526 1013 643 1076 ἀγαθῶν
656 1012 821 1078 μετόχους...
833 1013 914 1079 ἀμήν.

244 1118 299 1176 16.
323 1110 584 1195 (2012892110.)
596 1111 783 1189 Ὑπόμνημα
797 1111 841 1188 είς
852 1113 909 1176 τὸν
921 1111 1013 1188 άγιον
1024 1110 1212 1177 ἀπόστολον
1223 1078 1283 1177 τοίι
1295 1112 1436 1191 Χριστοῦ

184 1225 521 1305 ,ΤιμόθεονΞΒ2
1301 1229 1368 1294 Ιατι.
1384 1229 1435 1294 22.

243 1351 297 1408 17.
320 1342 398 1425 (Fol.
414 1342 589 1424 290v·306.)
615 1342 800 1421 Μαρτύριον
827 1346 886 1407 τοῦ
909 1335 1002 1419 ἁγίου
1024 1346 1074 1408 καὶ
1089 1345 1223 1410 ἐνδόξου
1239 1345 1434 1424 μεγαλομάρ·

200 1479 299 1538 τυρος
313 1462 373 1525 τοῦ
389 1458 527 1536 Χριστοῦ
551 1457 800 1522 Ἀναστασίου,
820 1461 879 1522 τοῦ
894 1458 1040 1537 Πέρσου.
1058 1492 1096 1511 -
1111 1460 1137 1523 Β
1151 1461 1181 1524 2.

245 1579 299 1637 18.
322 1571 402 1654 (Fol.
425 1571 586 1649 306-336.)
603 1571 750 1649 Ἀθλησις
773 1575 832 1635 τοῦ
852 1572 944 1648 ἁγίου
967 1572 1200 1653 ἱερομάρτυρος
1223 1575 1436 1654 Κλήμεντος

205 1687 384 1751 ἐπισκόπου
399 1685 550 1765 Ἀγκύρας
565 1688 614 1749 καὶ
627 1686 864 1764 Ἀγαθαγγὲλου.
876 1713 908 1735 --
923 1687 960 1753 Β.
1308 1690 1375 1754 Ian.
1387 1691 1437 1755 23.

248 1809 302 1867 19.
324 1801 585 1886 (201336-343.)
611 1803 685 1880 Βίας
714 1805 764 1866 καὶ
792 1804 934 1868 πολιτεία
959 1809 1017 1883 τῆς
1048 1804 1143 1882 ὁσίας
1168 1804 1355 1885 Εὐσεβίας
1383 1811 1440 1886 τῆς

205 1919 501 1997 μετονομασθείσης
515 1917 629 1996 Ξένης.
642 1947 674 1967 =
689 1917 725 1981 B.
1302 1921 1369 1986 Ian.
1385 1922 1435 1986 24.

244 2041 301 2100 20.
323 2034 403 2118 (Fol.
419 2034 594 2116 343v362.)
618 2035 692 2111 Βίος
707 2036 756 2097 καὶ
777 2036 919 2098 πολιτεία
941 2038 1000 2098 τοῦ
1024 2035 1058 2100 ἐν
1080 2037 1182 2115 άγίοις
1205 2037 1328 2116 πατρὸς
1351 2038 1440 2116 ἡμῶν

206 2151 412 2231 Γρηγορίου
436 2149 687 2229 ἀρχιεπισκόπου
703 2150 1075 2229 Κωνσταντινουπόλεως
1089 2156 1149 2216 τοῦ
1163 2153 1402 2229 θεολόγου--Β
1412 2154 1439 2218 1.

786 2266 789 2271 ’
1306 2268 1372 2334 Ιαπ.
1388 2269 1438 2333 25.

244 2387 301 2445 21.
324 2380 617 2464 (2013621172.)
640 2381 714 2458 Βίος
736 2390 785 2443 καί
810 2382 951 2444 πολιτεία
973 2385 1033 2445 τοῦ
1049 2382 1145 2446 ὁσίου
1168 2382 1440 2462 Ξενοφῶντος,

205 2502 262 2575 τῆς
277 2499 416 2575 συμβίου
434 2498 483 2560 καί
497 2501 562 2560 τῶν
576 2498 697 2561 τέκνων
713 2495 813 2560 αὐτοῦ
829 2495 978 2561 Ἰωάννου
992 2499 1040 2560 καὶ
1053 2497 1305 2576 Ἀρκαδίου.--Β.
1314 2499 1379 2564 lan.
1386 2499 1437 2563 26.

248 2618 305 2677 22.
328 2611 408 2694 (Fol.
423 2612 614 2695 374v-380v.)
629 2611 817 2689 Ὑπόμνημα
830 2612 932 2676 τιίπον
948 2612 1092 2690 ἱστορίας
1107 2614 1354 2691 κεφαλαιῶδους
1368 2614 1436 2678 ἐπὲ·

204 2748 263 2808 χον
278 2726 327 2791 ἐπὶ
342 2734 379 2811 τῇ
393 2728 567 2810 όνακομιδῇ
580 2731 639 2792 τοῦ
650 2728 753 2806 τιμίου
769 2727 923 2805 λειψάνου
936 2731 995 2792 τοῦ
1009 2729 1097 2792 θείου
1120 2731 1170 2792 καὶ
1182 2728 1271 2808 ἱεροῦ
1293 2729 1439 2808 Χρυσο·

204 2842 524 2920 στὸμου.ε14558.
1307 2843 1374 2908 Ian.
1389 2843 1439 2907 27.

245 2958 404 3039 2121201.
433 2957 594 3038 381-387.)
625 2959 699 3036 Βίος
728 2959 777 3022 καὶ
808 2959 949 3021 πολιτεία
974 2943 1049 3022 τοῦΙ
1068 2958 1164 3022 ὁσίου
1194 2960 1317 3036 πατρὸς
1346 2959 1458 3037 ἡμῶν·

205 3074 366 3155 Ἐφραίμ
387 3077 446 3137 τοῦ
462 3075 581 3151 Σύρου.
599 3100 632 3119 =
647 3073 673 3136 B
687 3074 717 3136 2.
1309 3073 1375 3138 Ian.
1390 3074 1440 3138 28.

246 3197 304 3257 24.
325 3189 405 3268 (Fol.
421 3188 581 3272 387-397.)
596 3188 744 3252 Ἰωάννου
769 3192 827 3253 τοῦ
843 3190 1017 3267 μακαρίτου
1043 3187 1206 3267 Εὐχαίτων
1220 3189 1319 3267 λόγος
1343 3189 1440 3265 ἐγκω-

206 3306 370 3384 μιαστικὸς
383 3304 427 3382 είς
439 3307 517 3382 τοὺς
528 3307 613 3382 τρεῖς
626 3304 739 3381 ἁγίους
753 3306 893 3382 πατέρας
906 3306 955 3367 καὶ
968 3304 1210 3382 οίκουμενικοὺς
1224 3304 1442 3382 διδασκάλους

205 3419 380 3498 Ἰωάννην
402 3421 459 3483 τὸν
484 3419 731 3498 Χρυσὸστομον,
748 3419 949 3483 Βασίλειον
970 3419 1027 3483 τὸν
1047 3420 1145 3497 μέγαν
1160 3421 1210 3482 καὶ
1233 3419 1442 3498 Γρηγὸριον

150 3597 154 3606 .
206 3537 264 3600 τὸν
278 3535 443 3612 θεολόγον.
459 3566 492 3586 --
510 3534 537 3598 Β
554 3535 581 3598 1.
1309 3534 1375 3599 Ian.
1392 3534 1441 3599 30.

249 3655 306 3714 25.
328 3648 595 3741 (F01.397v7405.)
611 3650 685 3727 Βίος
697 3651 746 3712 καὶ
758 3651 934 3728 μαρτύριον
949 3653 1014 3713 τῶν
1030 3648 1138 3726 άγίων,
1151 3649 1292 3716 ἐνδόξων
1304 3652 1354 3713 καὶ
1366 3655 1440 3713 θαυ-

210 3765 402 3841 ματουργῶν
417 3762 611 3840 ἀναργιίρων
634 3761 756 3844 Κύρου
778 3764 827 3825 καί
849 3761 1033 3826 Ἰωάννου.
1050 3794 1081 3813 ==
1100 3761 1167 3826 B3.
1306 3762 1374 3827 Ian.
1389 3762 1439 3826 31.

765 4121 898 4196 1558.

243 4351 314 4405 Olim
325 4367 342 4403 a
354 4354 448 4404 monte
460 4350 541 4414 Atho,
554 4354 584 4404 ut
596 4350 710 4414 videtur,
719 4350 754 4404 ab
766 4349 918 4404 Athanasio
932 4351 1054 4405 [Ἰδαίοιο
1071 4351 1178 4415 allatus,
1191 4351 1289 4406 deinde
1301 4352 1444 4407 cardinalis

210 4449 345 4514 Hazarini,
357 4453 452 4517 postea
465 4449 652 4516 Βεροιαίου.

200 4543 204 4549 ’
243 4550 418 4627 (λάιιτῑοοοαο,
430 4549 558 4603 foliorum
570 4549 627 4614 436,
645 4549 740 4613 00295
755 4556 780 4607 )<
794 4550 897 4613 0“,215,
909 4549 988 4603 lineis
1000 4550 1094 4616 plenis,
1107 4555 1234 4604 exaratus
1246 4567 1316 4604 saec.
1329 4550 1387 4604 XV.

242 4649 299 4703 Ροί.
309 4649 372 4703 201*
384 4649 453 4702 haec
470 4648 613 4716 leguntur:
629 4649 715 4712 Τέλος
730 4652 783 4701 τοί)
803 4647 970 4714 σεπτεβρίου
991 4649 1078 4715 μηνός
1095 4653 1146 4716 τῆς
1163 4651 1371 4716 μεταφράσεως
1392 4656 1444 4705 τοῦ

213 4746 370 4813 λογοθέτου
382 4747 507 4813 Συμεὼν.
