3284 5536
296 340 345 412 54
611 363 700 412 υιιιυ.
728 363 808 412 ινιτ.
837 363 948 413 mus.
977 384 1024 392 -
1050 365 1128 414 σου.
1155 361 1214 415 υιι.

338 557 370 614 2.
393 551 471 631 (Fol.
488 552 661 634 &cmv-251.)
676 553 861 631 Μαρτύριον
874 557 933 617 τοῦ
950 554 1042 629 ἁγίου
1072 554 1288 618 Διονυσίου
1311 559 1371 619 τοῦ
1388 556 1539 633 Ἀρεοπα·

298 666 398 741 γίτου.
411 667 480 730 =B
496 668 524 730 9.

864 965 968 1038 997.

331 1194 403 1248 Olim
416 1211 433 1247 a
448 1193 593 1248 Vanslebio
606 1199 712 1261 emptus
723 1193 853 1257 Nicosiae,
863 1198 959 1262 postea
971 1193 1072 1261 Regius
1081 1195 1155 1249 9996.

331 1293 506 1355 chartaceus,
519 1293 647 1346 foliorum
655 1294 712 1356 998,
723 1294 818 1358 09909
833 1301 858 1351 ><
869 1294 971 1357 OQM&
981 1293 1060 1346 lineis
1071 1294 1166 1361 ρλοιιίο,
1176 1301 1330 1350 exaratusa
1343 1296 1460 1366 Georgio
1469 1298 1536 1353 Cor·

298 1408 404 1460 cyrae0,
413 1391 441 1446 in
451 1393 545 1459 Cypro,
558 1408 601 1444 an.
614 1392 683 1445 1574.

330 1491 421 1545 Codex
433 1491 620 1544 miscellaneus
630 1508 662 1544 ex
675 1507 729 1560 quo
741 1492 872 1545 nonnulla
882 1496 989 1544 tantum
1001 1491 1140 1557 seligenda
1149 1496 1221 1544 sunt.
1231 1492 1310 1547 Num.
1318 1495 1360 1547 69
1370 1497 1540 1562 compendia

296 1594 360 1644 sunt
372 1589 483 1644 minoris
493 1591 625 1643 momenti
634 1591 725 1660 qualia
734 1591 790 1644 sere
802 1591 828 1644 in
839 1591 958 1644 menaeis
970 1591 1104 1656 leguntur,
1116 1607 1235 1659 quorum
1247 1592 1308 1645 ideo
1322 1592 1415 1647 titulos
1426 1598 1536 1649 tantum

298 1689 451 1746 exscribere
463 1689 550 1742 visum
560 1695 608 1743 est.

343 1845 373 1901 1.
396 1837 634 1919 ‹F01.26v-32v.)
650 1837 859 1915 Ἀποκάλυψις
870 1841 929 1901 τοῦ
942 1837 1034 1914 ἁγίου
1052 1839 1101 1900 καὶ
1112 1839 1326 1916 πανευφήμου
1341 1840 1536 1905 ἀποστόλου

306 1955 354 2016 καὶ
367 1954 596 2031 εὐαγγελιστοῦ
619 1952 794 2017 Ἰωάννου
817 1956 876 2017 τοῦ
892 1954 1060 2030 θεολόγου.

464 2069 511 2125 Ed.
523 2069 716 2132 Τιοωιειιοοιιτ,
726 2070 907 2137 Αροααίρροαο
915 2070 1092 2136 apocryphae,
1104 2067 1220 2136 Lipsiae,
1234 2069 1305 2133 1866,
1314 2070 1398 2124 7694.

342 2190 374 2247 2.
396 2183 475 2264 (Fol.
498 2183 680 2262 164v-179v.)
698 2185 873 2262 Κατήχησις
889 2184 933 2260 είς
944 2185 1001 2260 τήν
1013 2183 1161 2261 κοίμησιν
1177 2183 1248 2266 [τῆς
1271 2183 1494 2270 θεοτόκου)

465 2300 520 2354 [πο.
533 2300 612 2363 Λέγει
624 2301 640 2351 δ
653 2300 745 2365 σόφος
758 2300 892 2363 Σολόμων
905 2299 935 2351 ἐν
948 2304 989 2365 τῷ
1002 2297 1113 2365 ᾄσματι.

341 2423 374 2480 3.
397 2415 475 2495 (Fol.
494 2414 652 2496 194-198.)
667 2415 733 2478 Τοῦ
750 2414 834 2492 ἀμβά
848 2414 1005 2478 Ἀντονίου
1022 2415 1168 2491 διήγησις
1188 2416 1341 2491 περὶτῶν
1359 2417 1539 2493 θαυμάτων

302 2533 361 2594 τοῦ
378 2530 473 2593 ὁσίου
486 2531 609 2606 πατρός
621 2531 711 2607 ἡμῶν
732 2531 896 2607 Συμεών.

464 2646 518 2701 Inc.
537 2647 692 2709 Ἀκούσατε,
709 2646 892 2710 πνευματικοί
911 2645 1038 2711 ἀδελφοί,
1051 2646 1130 2699 ξένον
1143 2646 1324 2711 μυστήριον...
1342 2675 1375 2686 -
1396 2648 1457 2701 Des.
1469 2648 1534 2714 περί

433 2743 466 2796 οῦ
480 2744 496 2795 δ
508 2745 593 2807 λόγος
606 2745 842 2808 παραμονάριος...
856 2743 937 2808 ἀμήν.

340 2865 373 2920 4.
396 2858 475 2939 (Fol.
492 2859 665 2941 983986.)
681 2858 839 2921 Ὀπτασία
854 2859 965 2935 Κοσμά
979 2859 1122 2935 μοναχοῦ
1139 2858 1266 2935 φοβερά
1286 2860 1335 2920 καὶ
1357 2859 1534 2937 ὠφέλιμος.

1418 2975 1489 3037 Oct.
1506 2976 1536 3039 5.

466 3090 519 3144 lnc.
533 3091 574 3142 Ἐν
593 3092 648 3144 ἔτει
667 3089 755 3156 τρίτῳ
768 3089 813 3142 καί
831 3091 941 3156 δεκάτῳ
961 3093 1012 3155 τής
1025 3089 1164 3155 βασιλείας
1175 3089 1321 3155 Ῥωμανοῦ
1334 3090 1369 3141 τά
1389 3089 1537 3155 Ῥωμαίων

434 3190 582 3255 εὐσεβῶς...

466 3288 538 3343 Haec
549 3287 668 3341 ιιοιιτιλίο
681 3288 776 3353 legitur
788 3288 815 3340 in
828 3289 935 3341 Menaeo
947 3289 1062 3341 octobris
1074 3288 1156 3351 edito,
1169 3288 1204 3340 ad
1216 3286 1290 3340 diem
1301 3288 1325 3340 5.

342 3411 374 3467 5.
397 3402 476 3484 (Pol.
492 3403 680 3483 ⁰286v-2892)
693 3402 807 3480 Μνήμη
819 3406 878 3466 τοῦ
896 3401 991 3465 ὁσίου
1007 3403 1130 3480 πατρὸς
1142 3403 1232 3480 ἡμῶν
1254 3401 1452 3478 Μακαρίαν
1476 3404 1537 3464 τοῦ

301 3517 469 3595 Ῥωμαίου.
1418 3515 1490 3578 Oet.
1507 3515 1535 3577 ό.

342 3640 374 3698 6.
398 3633 476 3708 (Fol.
492 3634 680 3715 989999.)
695 3632 761 3695 Τοῦ
778 3631 870 3707 ἁγίου
887 3632 1073 3696 ἀποστόλου
1099 3632 1252 3710 Θωμά...
1419 3631 1491 3694 Οαί.
1507 3631 1536 3692 6.

342 3772 373 3828 7.
397 3765 476 3828 ιΡοΙ.
502 3764 677 3841 9999995.)
706 3761 773 3825 Τοῦ
804 3761 899 3824 ὁσίου
936 3765 1058 3840 πατρὸς
1090 3764 1179 3840 ἡμῶν
1216 3762 1454 3839 Ἀνδρονίκου
1486 3763 1536 3824 καὶ

301 3879 486 3958 Ἀθανασίας
500 3886 557 3957 τής
569 3881 709 3956 συμβίου
724 3879 862 3942 αὐτοῦ...
1424 3877 1494 3941 Οαί.
1507 3878 1536 3940 6.

342 4018 375 4076 8.
397 4013 475 4092 (Fol.
503 4011 676 4092 996999.)
710 4011 784 4075 Τιῦν
812 4009 912 4087 άγίων
945 4013 1035 4075 ἑπτὰ
1063 4013 1209 4075 παίδων
1241 4015 1307 4074 τιῦν
1333 4009 1367 4074 ἐν
1393 4010 1537 4091 Ἐφέσῳ,

302 4127 539 4204 Μαξιμιλιανοῦ,
556 4127 737 4204 Ἰαμβλίχου,
750 4126 973 4204 Μαρτινιανοῦ,
988 4128 1180 4199 Διονυσίου,
1196 4127 1371 4198 Ἀντωνίου,
1386 4125 1536 4189 Ἐξακου-

302 4246 478 4308 στοδιανοῦ
492 4245 541 4305 καὶ
558 4243 840 4306 Κωνσταντίνου...
1418 4239 1488 4304 Oct.
1506 4241 1535 4303 6.

343 4382 376 4440 9.
399 4375 477 4456 (rol.
493 4374 686 4457 297v-998v.)
705 4375 750 4455 Τῇ
778 4374 856 4456 αὐτή
883 4375 984 4456 ἡμέρᾳ
1010 4377 1157 4452 διήγησις
1178 4375 1222 4450 είς
1248 4374 1304 4437 τόν
1331 4377 1452 4451 θρῆνον
1475 4375 1534 4434 τοῦ

301 4493 475 4568 προφήτου
499 4491 675 4568 Ἰερεμίου
698 4492 769 4568 περὶ
783 4496 839 4568 τής
854 4490 1061 4569 Ἰερουσαλήμ
1077 4493 1126 4553 καὶ
1145 4491 1189 4568 είς
1204 4492 1261 4566 τήν
1277 4489 1400 4552 άλωσιν
1416 4487 1534 4564 ταύτης

304 4608 433 4685 καὶπερὶ
449 4612 505 4683 τῆς
521 4607 708 4684 ἐκστάσεως
723 4606 882 4684 Ἀβιμέλεχ.
1420 4602 1490 4667 Οοί.
1506 4603 1538 4666 6.

469 4721 534 4777 Fine
548 4721 644 4774 mulila
654 4726 703 4774 est.
