3284 5536
199 379 272 450 308
445 397 537 451 omi.
563 397 645 448 mr.
671 397 785 448 PARts.
809 416 856 427 -
880 397 961 448 coo.
987 397 1099 448 colse.
1126 396 1186 446 ιιι.

330 596 390 644 τῶν
398 591 493 644 ἀθέων
502 589 654 657 ἀλιτηρίων
662 590 826 655 Περσῶν-
842 589 904 642 θαι.
910 590 1077 654 ταριδωκεν
1085 590 1139 653 τὴν
1149 586 1292 653 υακαρίαν
1301 587 1347 640 καί
1355 589 1429 651 ἁγίαν

331 691 420 744 αὑτοῦ
433 691 527 755 ψυχὴν
539 689 578 752 εἰς
587 691 680 754 χεῖρας
692 693 745 741 τοῦ
757 688 930 750 τεχθέντος...
942 688 1025 752 ἁμήν.

364 787 467 851 Latine,
477 787 624 854 interprete
633 787 719 840 Paulo
729 786 845 839 diacono
855 786 1015 854 Neapoteos.
1025 792 1045 839 Α
1049 795 1081 838 ct.
1090 787 1146 845 SS„
1154 784 1297 838 Februarii
1309 786 1330 840 Ι.
1338 786 1429 839 ist-87.

241 894 274 952 5.
297 886 378 967 (Fol.
392 887 567 968 miv-295.)
578 887 653 963 Βίας
666 889 724 949 τοῦ
737 887 830 961 άγίου
854 886 1093 963 Ἀνδρονίκου
1117 887 1167 946 καί
1179 883 1367 962 Ἀθανασίας
1379 891 1431 962 τῆς

200 1005 351 1080 γυναικὸς
365 1002 477 1066 αὐτοῦ.

365 1119 419 1172 Ine.
431 1116 486 1170 Ἠν
506 1134 547 1181 τις
571 1119 643 1183 ἀνὴρ
668 1118 786 1181 ὀνόματι
806 1117 978 1183 Ἀνδρόνικος
1001 1117 1224 1183 ἁργυροπρότης
1246 1143 1280 1152 -
1304 1115 1367 1168 Dea
1389 1116 1431 1169 καί

332 1218 446 1281 λέγουσι
459 1221 500 1282 τῷ
512 1217 638 1282 γέροντι·
651 1218 765 1281 άγωμεν
777 1215 816 1279 εἰς
827 1216 964 1281 Σκήτην...
978 1216 1059 1280 ἀμήν.
1071 1216 1125 1267 Cir.
1138 1214 1222 1267 mm.

672 1571 811 1619 corsi.
852 1543 958 1619 285.

233 1772 304 1827 Olim
318 1772 476 1826 monasterii
488 1772 644 1825 Constantis
656 1772 685 1825 ίιι
697 1776 791 1825 monte
803 1772 878 1826 Atho
892 1772 948 1837 (iet.
960 1771 1040 1835 tw),
1061 1771 1159 1825 deinde
1181 1772 1368 1839 Seguerianus
1379 1774 1436 1826 354.

234 1871 408 1935 Characem,
421 1871 547 1925 soliorum
559 1871 617 1933 424,
633 1871 729 1934 0¹,210
747 1879 771 1926 ><
789 1870 891 1933 mmo,
908 1869 987 1923 tineis
1002 1869 1095 1937 plenis,
1107 1874 1238 1922 exaratus
1250 1886 1325 1923 saec.
1343 1870 1399 1934 XV,
1411 1875 1438 1922 et

199 1970 310 2039 quidem
322 1970 421 2039 partim
432 1987 448 2023 a
458 1969 597 2022 monacho
607 1969 760 2036 Nicephoro
770 1984 814 2022 an.
826 1969 897 2022 1475.

233 2068 343 2122 Praeter
353 2068 480 2121 homitias
492 2083 547 2120 non
559 2083 666 2134 paucas,
682 2083 751 2135 quas
763 2066 834 2119 inter
847 2064 990 2118 homiliam
1007 2064 1034 2118 S.
1046 2065 1177 2118 lobannis
1197 2065 1392 2132 chrysostomi
1410 2067 1435 2119 in

199 2167 416 2222 incredulitatem
429 2166 454 2218 S.
467 2165 592 2219 Thomae
611 2171 637 2219 et
654 2165 737 2219 aliam
755 2165 877 2219 eiusdem
889 2165 916 2218 in
935 2164 1040 2217 Novam
1056 2163 1229 2217 Dominicam
1245 2165 1315 2218 etin
1327 2164 1354 2217 S.
1366 2165 1436 2218 Tho

203 2282 277 2320 mam
289 2269 332 2330 (=
344 2266 365 2319 Β
377 2267 403 2330 4)
415 2267 536 2320 continet
549 2285 555 2319 :

246 2430 553 2511 1.(F01.11e130.)
579 2429 752 2507 Νεκταρίου
779 2429 1029 2507 ἀρχιεπισκόπου
1054 2430 1431 2508 Κωνσταντινουπόλεως

203 2546 348 2624 διήγησις
374 2545 412 2609 δι’
435 2548 473 2625 ’ἠν
496 2547 595 2610 αἰτίαν
611 2551 655 2628 τῶ
672 2546 791 2628 πρώτῳ
808 2545 960 2626 σαββάτῳ
983 2549 1048 2608 τῶν
1072 2544 1172 2621 ἁγίων
1193 2552 1356 2623 νηστειῶν
1379 2551 1434 2624 τήν

200 2663 323 2740 μνήμην
346 2661 538 2740 ἑορτάζομεν
552 2665 611 2724 τοῡ
638 2661 730 2738 ἁγίου
751 2660 1033 2738 μεγαλομάρτυρος
1056 2660 1263 2738 Θεοδώρου
1289 2666 1339 2724 καὶ
1362 2666 1432 2740 περὶ

200 2778 349 2855 νηστείας
365 2779 412 2840 καὶ
430 2778 657 2854 ἐλεημοσύνης.
673 2776 742 2839 =B
758 2776 786 2839 3.

242 2900 273 2957 2.
296 2893 374 2975 (tot
394 2893 567 2972 laolotv.)
582 2893 740 2970 Διήγησις
756 2891 794 2955 δι’
810 2893 849 2969 ἠν
864 2891 964 2954 αἰτίαν
985 2893 1143 2968 παρέλαβε
1159 2894 1215 2969 τήν
1238 2894 1431 2970 ὀρθοδοξίαν

201 3008 338 3086 ἐτησίως
364 3011 462 3072 τελεῖν
488 3015 525 3090 τῇ
547 3009 659 3090 πρώτη
688 3013 820 3089 κυριακῇ
844 3011 910 3070 τῶν
932 3006 1031 3083 ἁγίων
1056 3012 1215 3084 νηστειῶν
1238 3009 1256 3085 ἡ
1280 3008 1356 3085 ἁγία
1381 3014 1428 3073 καὶ

205 3123 322 3202 μεγάλη
336 3124 486 3201 ἐκκλησία
501 3125 549 3186 καί
565 3125 715 3200 περὶτῶν
730 3123 831 3199 ἁγίων
840 3125 889 3185 καὶ
903 3127 1032 3187 σεπτῶν
1044 3123 1186 3187 εἰκόνων.
1195 3147 1226 3169 =
1235 3125 1434 3209 (Theodora)

202 3238 228 3303 Β
243 3239 272 3303 3.

243 3362 276 3419 3.
298 3354 377 3435 (Ρσί.
396 3354 552 3437 148-174.)
567 3355 641 3431 Βίος
656 3359 712 3432 τῆς
734 3354 828 3432 ὁσίας
850 3354 997 3431 Μαρίας
1019 3360 1075 3432 τῆς
1100 3356 1272 3433 Αἰγυπτίας
1294 3373 1434 3436 συγγρα·

202 3470 275 3548 φείς
285 3470 371 3546 παρὰ
386 3469 581 3547 Σωφρονίου
599 3468 849 3546 ἀρχιεπισκόπου
866 3468 1107 3546 Ἱεροσολύμων.
1122 3496 1155 3516 =
1169 3469 1203 3533 B.

243 3592 278 3649 4.
301 3583 379 3666 (Fol.
394 3584 566 3664 174-185v.)
577 3584 736 3662 Διήγησις
751 3584 915 3661 ὠφέλιμος
939 3584 972 3646 ἐκ
986 3587 1130 3647 παλαιῶν
1154 3584 1309 3663 ἱστοριῶν
1321 3590 1431 3650 συλλε-

204 3702 298 3777 γεῖσα
325 3701 374 3762 καί
400 3697 577 3778 ἀνάμνησιν
603 3701 750 3775 δηλοῦσα
770 3701 829 3762 τοῦ
850 3698 1043 3775 παραδόξως
1068 3701 1244 3775 γενομένου
1270 3702 1435 3778 θαύματος

205 3817 295 3894 ἡνίκα
313 3815 439 3894 Πέρσαι
455 3817 504 3878 καὶ
521 3815 675 3893 βάρβαροι
698 3816 756 3891 τήν
780 3816 926 3892 βασιλίδα
940 3815 1058 3891 ταύτην
1073 3819 1139 3877 τῶν
1153 3816 1282 3879 πόλεων
1297 3817 1433 3880 ἐκύκλω-

205 3946 295 3994 σαν...
312 3962 349 3982 =
362 3929 476 4012 (Maria
492 3929 645 4012 Deipara)
659 3929 685 3993 B
697 3928 748 3992 59.

245 4054 278 4112 5.
300 4045 380 4129 (rol.
396 4045 556 4127 389-390.)
581 4045 651 4109 Ἀπὸ
673 4049 738 4108 τῶν
762 4043 933 4122 θαυμάτων
955 4047 1014 4106 τοῦ
1038 4045 1130 4121 ἁγίου
1152 4045 1436 4124 μεγαλομάρτυρος

205 4163 388 4241 Γεωργίου
411 4164 481 4240 περὶ
495 4162 756 4239 τοῡΣαρακηνοῡ
771 4163 831 4224 τοῦ
855 4159 1055 4237 θεασαμένου
1082 4162 1140 4236 τήν
1154 4159 1313 4225 ὀπτασίαν
1335 4162 1369 4225 ἐν
1390 4168 1435 4244 τῷ

203 4284 272 4362 ναῷ
283 4282 343 4343 τοῦ
359 4277 641 4355 μεγαλομάρτυρος
655 4277 823 4354 Γεωργίου.
842 4307 873 4327 =
890 4274 915 4338 B
933 4275 979 4338 14.

245 4401 279 4459 θ.
302 4393 383 4472 (Fol.
401 4393 576 4475 39o413v.)
591 4393 750 4470 Διήγησις
765 4394 932 4470 θαυμαστὴ
948 4394 1018 4469 περὶ
1040 4395 1100 4454 τοῦ
1123 4394 1437 4470 τερατουργηθὲντος

204 4515 249 4593 τῷ
262 4510 341 4593 ἁγίῳ
354 4510 608 4586 μεγαλομὰγιτυρι
624 4508 783 4590 Γεοργίῳ
799 4508 843 4584 εἰς
854 4509 911 4570 τόν
925 4507 1216 4586 αἰχμαλωτισθέντα
1226 4510 1326 4570 παῖδα
1337 4510 1356 4572 Γ
1358 4511 1436 4586 εῶρ-

203 4643 274 4699 γιον
290 4625 339 4686 καὶ
351 4624 385 4686 ἐκ
397 4626 455 4685 τοῦ
472 4624 657 4700 παραδόξου
675 4621 824 4698 ἀοράτως
839 4620 1061 4699 ἁρπαγήθεντα
1076 4623 1125 4684 καί
1140 4628 1177 4699 τῇ
1194 4621 1296 4686 αὐτοῦ
1309 4626 1433 4703 πατρίδι

205 4738 478 4803 άποκαταστάντα.
494 4757 526 4778 ··”
544 4737 569 4802 Β
584 4737 630 4801 11.
