3284 5536
405 400 496 450 υιιιι.
524 399 604 451 Nm.
632 399 745 450 ιυιιιια.
775 421 818 430 -
846 401 926 452 σοι).
952 397 1012 450 ιιι.
1282 379 1325 452 17

132 593 164 650 7.
188 586 268 668 (Pol.
283 587 506 670 δύ’-77.)Βίος
519 590 568 651 καὶ
580 590 754 667 μαρτύριον
766 592 825 652 τού
837 587 930 664 ἁγίου
952 589 1152 667 Δομετίου.
1196 589 1279 672 Aug.
1296 590 1324 654 7.

256 704 312 757 lnc.
331 704 430 756 Πολλὰ
449 705 485 756 τὰ
504 708 556 757 τού
578 704 639 770 βίου
660 705 877 770 κατορθώματα,
891 704 949 758 ἀλλ’
966 703 1138 758 ἐπικίνδυνα·
1156 704 1256 759 πολλοί
1267 709 1326 759 τῶν

219 803 310 868 ἁγίων
322 831 355 842 -
368 802 430 857 Des.
452 804 483 867 ὃς
501 803 546 856 καί
566 804 728 870 παρρησίαν
748 804 820 865 έχων
837 804 984 870 πρεσβεύει
997 804 1068 870 ὑπὲρ
1085 806 1166 872 ἡμῶν
1184 806 1257 870 πρὸς
1274 807 1326 858 τὸν

221 904 281 954 τῶν
294 903 371 956 ὅλων
384 903 482 957 Θεόν...
496 903 578 969 ἁμήν.

129 1017 265 1100 81801.
296 1019 414 1102 77-81.)
443 1019 629 1098 Μαρτύριον
665 1024 723 1083 τού
760 1018 853 1096 ἁγίου
884 1020 1325 1099 μάρτυρος“Λαυρεντίου,

88 1131 222 1197 Ξύστου
240 1137 290 1198 καὶ
305 1135 505 1199 Ἱππολύτου.
1177 1136 1260 1218 Aug.
1278 1138 1325 1200 10.

254 1249 308 1301 luc.
320 1249 377 1312 Τὰς
389 1251 511 1313 μεγάλας
523 1250 581 1300 τῶν
600 1249 754 1315 μαρτύρων
771 1248 815 1302 καί
832 1249 965 1312 ἐνδόξους
984 1250 1087 1315 ἀρετὰς
1107 1253 1212 1315 μᾶλλον
1222 1279 1253 1288 -
1264 1251 1326 1305 Des.

222 1347 267 1400 καί
278 1348 382 1410 πάντες
395 1348 613 1414 ἐστερεώθησαν
625 1349 655 1400 ἐν
667 1353 702 1412 τῇ
713 1347 830 1401 πίστει...
849 1349 930 1413 ἀμήν.

132 1467 162 1525 θ.
185 1461 264 1545 (Pol.
280 1463 401 1546 81-83.)
416 1464 673 1541 Μαρτύριοντοῡ
689 1463 782 1539 ἁγίου
800 1463 1034 1542 ἱερομὰρτυρος
1063 1465 1226 1529 Εὔπλου.

1175 1580 1258 1662 Aug.
1276 1582 1323 1645 11.

256 1695 309 1748 ίιια.
327 1695 454 1759 Ἐγένετο
475 1695 519 1748 ἐπὶ
535 1696 742 1762 Διοκλητιανοῦ
761 1695 805 1748 καί
817 1696 991 1760 Μαξιμιανοῦ
1009 1698 1069 1749 τῶν
1087 1698 1264 1762 παρανόμων
1282 1697 1327 1750 καὶ

222 1795 460 1866 δυσσεβεστὰτων
477 1795 616 1859 βασιλέων
633 1795 664 1847 ἐν
681 1799 716 1861 τή
734 1795 855 1849 Σικελῶν
867 1795 992 1862 νήσῳ-
1012 1795 1075 1849 [λύε.
1087 1797 1278 1850 ἐπιτελοῦνται
1291 1802 1326 1862 τί]

221 1895 311 1960 χύριτι
319 1898 371 1947 τοῦ
384 1894 513 1960 Χριστοῦ.
525 1894 689 1960 Ἐτελειιύθη
700 1895 730 1946 δέ
743 1895 758 1946 ὁ
772 1895 852 1958 ἅγιος
863 1896 996 1960 μύρτυς...
1010 1896 1091 1962 ἁμήν.

135 2009 294 2092 10.(801.
323 2009 443 2093 8898.)
468 2010 655 2088 Μαρτύριον
683 2014 749 2074 τῶν
775 2009 875 2087 ἁγίων
905 2013 1077 2089 μαρτύρων
1106 2012 1247 2076 Φοτίου
1275 2015 1324 2077 καί

46 2146 49 2153 ·
92 2125 250 2204 Ἀνικήτου
266 2128 316 2189 καὶ
330 2131 388 2205 τῆς
404 2127 560 2204 συνοδίας
574 2126 690 2190 αὐτῶν.
1179 2128 1261 2210 Aug.
1280 2129 1327 2193 18.

255 2241 416 2306 Ιπα.Ἒτους
430 2243 568 2309 δευτέρου
585 2244 791 2309 Διοκλητιανοίλ
811 2244 1009 2308 βασιλεύοντος
1021 2244 1056 2310 ἦν
1067 2245 1158 2311 πολλή
1172 2245 1255 2311 μανία
1267 2248 1328 2298 τῶν

223 2341 361 2408 Ἑλλήνων
372 2370 406 2380 -
423 2342 484 2397 Des.
494 2342 539 2396 καὶ
551 2343 681 2408 ταφέντα
699 2343 788 2396 αύτὸν
804 2344 872 2395 οὔτε
890 2345 907 2409 ἡ
925 2346 961 2409 γή
978 2343 1106 2398 ἐδέξατο·
1116 2343 1175 2398 ἀλλ’
1193 2344 1236 2398 ἐπὶ
1251 2348 1327 2411 τρεῖς

224 2441 446 2507 ἡμέρῳ-ἁμήν·

135 2564 190 2620 11.
213 2555 293 2639 (rol.
308 2557 448 2639 98-101.)
463 2557 719 2635 Μαρτύριοντοῡ
732 2555 824 2633 ἁγίου
841 2556 1005 2635 μάρτυρος
1029 2559 1262 2637 Διομήδους.

1176 2675 1257 2756 Aug.
1276 2676 1325 2739 ιο.

258 2789 406 2844 Ιιια.“οσον
415 2791 464 2854 μὲν
473 2790 528 2850 ἔχει
538 2790 681 2854 θαύματος
701 2788 737 2842 τὰ
752 2793 812 2841 τῶν
831 2789 984 2854 μαρτύρων
997 2789 1027 2841 ἐκ
1040 2791 1205 2855 προθέσεως
1216 2818 1250 2829 -
1261 2790 1325 2844 Des.

223 2896 257 2957 τῇ
276 2891 306 2942 δέ
318 2894 396 2956 ταφή
415 2890 448 2941 τὸ
469 2893 552 2952 σῶμα
568 2889 715 2954 παρεδόθη
737 2888 802 2953 μηνί
822 2888 978 2956 Αὐγούστῳ
997 2889 1036 2952 ις’,
1055 2891 1252 2954 βασιλεύοντος
1275 2891 1325 2954 μέν

223 2990 315 3042 τότε...
328 2988 410 3055 ἁμήν.

134 3112 189 3169 12.
208 3104 293 3187 (Fol.
311 3103 483 3186 104-108'.)
498 3103 686 3181 Μαρτύριον
700 3105 760 3165 τού
773 3101 866 3177 ἁγίου
883 3102 1048 3181 μάρτυρος
1072 3104 1270 3184 Μύρωνος.

1176 3221 1259 3303 Aug.
1278 3223 1325 3287 17.

253 3336 310 3391 lnc.
322 3335 422 3400 Ἔτους
439 3335 538 3402 τρίτου
555 3336 805 3397 ἁνθυπατεύοντος
825 3334 1008 3400 Ἀντιπάτρου
1028 3339 1079 3403 τῆς
1095 3336 1198 3401 Ἀχαΐας
1210 3366 1242 3376 -
1263 3339 1325 3392 Des.

221 3437 358 3502 ἀπέτεμεν
370 3436 423 3502 τήν
435 3435 563 3502 κεφαλήν
576 3435 676 3489 αύτοῦ·
689 3435 885 3501 ἐμαρτύρησεν
898 3436 929 3488 δέ
941 3436 957 3488 δ
970 3436 1073 3500 ἅγιος...
1086 3436 1167 3503 ἁμήν.

131 3563 187 3620 13.
210 3552 290 3633 (Fol.
323 3551 496 3633 108v-136.)
527 3551 601 3628 Βίας
634 3553 683 3614 καὶ
717 3552 892 3630 μαρτύριον
923 3555 990 3615 τῶν
1019 3552 1119 3629 ἁγίων
1151 3555 1324 3633 μαρτύρων

88 3671 241 3748 Φλόρου
272 3670 321 3732 καὶ
350 3667 500 3745 Λαύρου
532 3666 808 3746 μαρτυρησάντων
836 3668 871 3730 ἐν
900 3666 1064 3749 Ούλπιανὰ
1095 3675 1132 3750 τῇ
1161 3670 1259 3744 πόλει,
1290 3671 1324 3735 ἐν

86 3787 179 3868 χώρᾳ
191 3785 370 3865 Δαρδανία.
1175 3786 1256 3868 Aug.
1276 3788 1323 3851 18.

253 3900 307 3953 Ine.
328 3901 424 3963 Καλῶς
445 3901 568 3953 διδάσκει
588 3902 660 3966 ἡμὰς
678 3901 694 3952 δ
712 3901 870 3964 ἁγιώτατος
888 3900 1003 3963 Παύλος
1026 3932 1055 3940 -
1077 3900 1138 3955 Des.
1157 3907 1253 3955 πᾶσαν
1270 3905 1323 3971 τήν

219 3999 386 4067 περιουσίαν
396 4000 485 4052 αὐτοῦ
497 4000 682 4066 προσήγαγεν
692 4000 778 4066 αύτῷ.
792 3999 839 4052 Καὶ
849 4001 942 4062 οὕτως
952 3999 982 4052 ἐν
996 3999 1112 4067 Κυρίῳ...
1125 4002 1206 4068 ἁμήν.

130 4126 188 4182 14.
207 4115 481 4198 (8011361541.)
503 4115 577 4193 Βίος
592 4117 642 4178 καὶ
666 4117 806 4178 πολιτεία
828 4118 886 4178 τού
907 4115 1003 4179 ὁσίου
1027 4118 1149 4194 πατρὸς
1168 4118 1322 4194 ἡμῶνκαὶ

86 4235 294 4313 ὁμολογητοῡ
317 4231 525 4310 Μακαρίου,
548 4232 731 4310 ἡγουμένου
747 4231 923 4308 γεγονότος
939 4236 1040 4311 μονῆς
1054 4236 1110 4310 τῆς
1126 4232 1322 4312 ἐπονομαζο-

85 4350 185 4427 μένης
198 4345 392 4424 Πελεκητῆς,
407 4347 610 4423 συγγραφείς
625 4346 712 4424 παρὰ
726 4345 837 4424 Σάββα
852 4349 1006 4424 μοναχού.
1174 4347 1256 4430 Aug.
1275 4349 1322 4413 18.

254 4461 309 4515 Ino.
328 4461 450 4515 Πολλῶν
471 4462 595 4515 ἁντωνὰ
611 4464 684 4528 πρὸς
702 4463 805 4529 ἁρετής
823 4461 937 4529 μίμησιν
949 4464 1130 4516 διανιστατόν
1143 4465 1321 4531 ἀνθρώπινον

223 4560 321 4626 βίον-
330 4561 391 4614 Des.
399 4561 469 4627 ὑπέρ
482 4560 516 4614 ού
527 4562 578 4624 τὰς
591 4562 621 4614 ἐν
633 4561 683 4630 βίῳ
696 4561 885 4625 κακοπαθείας
898 4562 1021 4628 ύπέστης
1034 4564 1126 4617 δεῖξον
1139 4568 1226 4617 τούτο
1240 4567 1321 4619 κατό-

223 4662 326 4714 πιν..,ύ
365 4678 389 4713 ν.

256 4757 304 4809 XV
316 4661 444 4812 :iLula
454 4757 586 4826 incipiunt
598 4759 643 4812 sol.
657 4759 701 4813 141
715 4760 766 4814 sub
776 4759 854 4834 titulo
867 4761 937 4827 ἁρχὴ
950 4762 1112 4827 θαυμάτων.

1207 4862 1223 4914 1
