3284 5536
450 385 542 438 οιιιι.
569 386 650 437 νοτ.
677 384 791 438 mus.
810 405 858 417 —
884 385 987 437 οοοο.
1015 374 1089 457 ιιιοι,
1117 383 1192 437 ιιιο.
1367 364 1439 437 973

242 577 275 636 θ.
297 571 546 655 (7011961989
562 573 719 640 Ὀπτασία
732 574 975 640 Κωνσταντίνου
989 578 1047 659 τοῦ
1062 575 1202 655 μεγάλου
1216 576 1267 639 καὶ
1279 573 1441 653 εὐσεβοῦς

200 688 363 766 βασιλέως
377 689 422 768 είς
437 692 495 754 τὸν
509 691 611 768 τίμιον
626 693 676 755 καὶ
692 691 859 756 Ζωοποιδν
880 707 1003 769 σταυρ
1014 691 1067 756 όν.
1077 735 1110 756 =
1125 690 1193 755 135.

242 808 275 866 ’7.
297 803 377 886 (Fol.
396 805 553 889 198906.)
569 805 708 885 Εῦρεσις
719 810 779 871 τοῦ
796 807 897 885 τιμίου
921 796 971 870 καὶ
984 810 1149 873 ζωοποιοῦ
1173 810 1346 886 σταυροῦ
1368 809 1438 871 τοῦ

199 915 341 996 Χριστοῦ
357 919 489 1000 ὑπὸτῆς
503 922 690 1000 τρισολβίου
707 923 757 986 καὶ
772 921 1014 1002 μακαριωτάτης
1028 921 1221 1001 Αὐγούστης
1235 921 1378 1002 Ἑλήνης.

199 1030 227 1095 Β
242 1031 271 1096 7.

242 1153 275 1212 8.
297 1147 378 1232 (Fol.
401 1149 593 1235 206v-213v.)
614 1151 802 1231 Μαρτόριον
822 1156 888 1217 τῶν
911 1152 1029 1229 ἁγίων
1049 1152 1342 1232 τεσσαράκοντα
1362 1173 1438 1232 μαρ·

198 1262 417 1340 τυρησάντων
433 1263 468 1328 ἐν
482 1265 658 1345 Σεβαστείᾳ
672 1271 710 1350 τῇ
726 1265 824 1331 πόλει.
835 1308 869 1331 =
885 1264 989 1332 11647.
1303 1266 1397 1333 Mart.
1409 1266 1438 1331 9.

758 1593 890 1670 1595.

234 1739 308 1794 Olim
317 1740 418 1808 Regius
429 1741 504 1795 9461.

233 1837 410 1905 Chartam,
428 1840 558 1894 soliorum
568 1840 626 1906 305,
643 1840 739 1904 Offlfflfi
754 1847 780 1898 ><
794 1841 898 1907 0“,195,
917 1840 986 1894 binis
1001 1840 1227 1905 columnis,'saec.
1244 1838 1294 1893 XV
1303 1842 1437 1917 ειῳοίυο.

231 1936 369 2002 Continet,
381 1943 489 2007 praeter
497 1939 675 1994 homiliarum
687 1940 720 1993 de
733 1944 857 2008 tempore
869 1940 980 2008 longam
993 1939 1106 1994 seriem:

245 2110 275 2166 1.
297 2102 376 2185 (Pol.
391 2104 525 2189 46-591.)
539 2105 725 2184 Μαρτῦριον
736 2108 795 2169 τοῦ
811 2104 904 2182 ἁγίου
920 2105 1203 2184 μεγαλομάρτυρος
1227 2105 1437 2184 Θεοδώρου

201 2221 260 2281 τοῦ
277 2220 432 2297 τήρωνος.
448 2263 479 2285 =
495 2219 579 2284 771³.
977 2221 1131 2303 Σαββάτῳ
1148 2220 1177 2283 α’
1189 2224 1255 2285 τῶν
1269 2223 1438 2299 νηστειῶν.

242 2338 274 2396 2.
297 2332 523 2417 70115969.)
545 2334 704 2413 Διήγησις
716 2336 788 2413 περὶ
801 2338 869 2399 τῶν
891 2334 992 2410 ἁγίων
1014 2337 1064 2398 καὶ
1086 2339 1216 2399 σεπτῶν
1239 2335 1372 2399 εἰκόνων
1389 2335 1438 2396 καὶ

200 2451 272 2525 πῶς
287 2452 336 2512 καὶ
351 2449 390 2513 δι’
406 2452 445 2528 ἣν
461 2451 560 2514 αἰτίαν
575 2450 796 2530 παρελάβομεν
812 2454 870 2529 τήν
885 2451 1077 2530 ὀρθοδοξίαν
1092 2451 1241 2514 ἐπιτελεῖν
1263 2457 1301 2534 τῇ
1325 2451 1437 2530 πρώτῃ

201 2570 333 2644 κυριακῇ
350 2568 415 2628 τῶν
430 2565 529 2641 ἁγίων
541 2569 700 2644 νηστειῶν
714 2572 752 2649 τῇ
770 2570 829 2630 τοῦ
845 2566 930 2630 Θεοῦ
946 2570 1095 2649 καθολικῇ
1113 2566 1310 2648 ἐκκλησίᾳ..-.
1322 2565 1440 2648 (Theo-

201 2677 293 2761 dora)
308 2679 335 2742 B
348 2679 376 2742 3.
598 2667 601 2675 ¹
994 2682 1131 2767 Κυριακῇ
1147 2681 1176 2744 α’
1191 2686 1257 2745 τῶν
1270 2685 1437 2769 νηστειῶν.

241 2801 274 2858 3.
298 2793 376 2873 (Fol.
392 2794 541 2878 68v-81v.)
557 2795 631 2873 Βίας
646 2797 696 2859 καὶ
711 2797 851 2860 πολιτεία
862 2801 920 2875 τῆς
932 2796 1027 2874 ὁσίας
1042 2797 1162 2874 μητρὸς
1177 2797 1267 2875 ἡμῶν
1291 2796 1438 2874 Μαρίας

200 2912 256 2986 τῆς
282 2909 453 2984 Αἰγυπτίας
475 2914 532 2987 τῆς
547 2910 627 2974 κατὰ
648 2911 705 2988 τὴν
731 2910 851 2989 ἔρημον
874 2909 977 2987 ὁσίως
1002 2909 1209 2988 ἀσκήσαντος
1235 2909 1437 2987 συγγραφεὶς

199 3025 286 3102 παρὰ
299 3028 358 3087 τοῦ
374 3024 408 3088 ἐν
419 3024 521 3103 ἁγίοις
536 3025 724 3105 Σοφρονίου
741 3025 991 3104 ἀρχιεπισκόπου
1008 3025 1241 3103 Ἱεροσολύμων
1261 3026 1381 3104 λεχθεὶς
1396 3029 1434 3106 τῇ

200 3139 224 3203 ε’
238 3144 296 3218 τῆς
307 3139 330 3203 ε’
343 3140 524 3220 ἑβδομάδος
538 3145 604 3206 τῶν
618 3140 719 3218 ἁγίων
733 3145 892 3219 νηστειῶν
907 3145 966 3205 τοῦ
980 3143 1118 3219 μεγάλου
1135 3141 1282 3224 κανόνος.
1297 3176 1331 3196 --
1345 3139 1380 3203 Β.

736 3257 868 3341 Πέμπτῇ
885 3261 942 3334 τῆς
958 3256 981 3319 ε’
998 3256 1179 3334 ἑβδομάδος
1192 3260 1259 3320 τῶν
1269 3259 1436 3333 νηστειῶν.

239 3378 273 3435 4.
295 3371 374 3453 (rol.
389 3372 524 3454 82-87V.)
539 3372 698 3450 Διήγησις
711 3371 876 3450 ὠφέλιμος
891 3372 926 3435 ἐκ
939 3375 1075 3449 παλαιᾶς
1087 3372 1231 3450 ἱστορίας
1244 3375 1437 3448 συλλεγεῖσα

201 3490 250 3550 καὶ
275 3487 453 3566 ἀνάμνησιν
479 3489 626 3566 δηλοῦσα
651 3490 710 3551 τοῦ
736 3488 923 3566 παραδόξου
951 3489 1126 3566 γενομένου
1153 3489 1316 3567 θαύματος
1344 3488 1437 3567 ἡνίκα

200 3602 324 3680 Πέρσαι
350 3605 400 3666 καὶ
416 3603 571 3682 βάρβαροι
590 3605 648 3681 τὴν
664 3605 810 3681 βασιλίδα
824 3605 943 3682 ταύτην
966 3605 1095 3686 πολέμῳ
1116 3605 1389 3682 περιεκύκλωσαν,
1403 3603 1435 3666 οἱ

200 3719 249 3780 καὶ
270 3717 440 3781 ἀπώλοντο
467 3718 552 3795 θείας
573 3718 662 3796 δίκης
682 3719 899 3796 πειραθέντες·
922 3718 941 3796 ἡ
963 3721 999 3780 δὲ
1024 3718 1116 3795 πόλις
1135 3717 1250 3796 άσινής
1273 3735 1435 3796 συντηρη-

201 3835 292 3896 θεῖσα
307 3834 489 3911 πρεσβείαις
504 3838 560 3911 τῆς
584 3834 779 3898 Θεοτόκου
800 3834 939 3912 έτησίως
954 3833 1062 3897 ἔκτοτε
1083 3833 1150 3916 ᾄδει
1172 3833 1429 3912 εὐχαριστήριον·

203 3940 377 4012 ἀκάθιστον
401 3951 459 4026 τήν
487 3949 608 4027 ἡμέραν
637 3950 926 4028 κατονομάζουσιν·
959 3953 1078 4029 λεχθεὶς
1107 3956 1152 4032 τῷ
1186 3951 1339 4033 σαββάτῳ
1378 3957 1435 4030 τῆς

201 4066 342 4143 πέμπτης
355 4065 534 4142 ἑβδομάδος
548 4069 613 4130 τῶν
629 4066 730 4141 ἁγίων
744 4070 911 4144 νηστειῶν.
925 4099 957 4118 =
973 4066 998 4129 B
1013 4067 1064 4129 59.

981 4181 1136 4264 Σαββάτῳ
1151 4181 1174 4244 ε’
1186 4185 1252 4244 τῶν
1267 4185 1434 4259 νηστειῶν.

755 4428 887 4502 1596.

233 4643 395 4711 Paginarum
419 4643 476 4707 694,
488 4658 559 4710 quae
578 4641 699 4709 signatae
722 4644 786 4695 sunt
806 4640 901 4693 49-749
924 4640 1008 4704 (4969
1029 4640 1136 4708 require
1157 4640 1227 4694 inter
1241 4642 1288 4694 190
1319 4646 1347 4695 εί
1368 4643 1434 4708 191),

198 4742 294 4807 θ’·,ῦίλλ
307 4750 332 4802 Χ
348 4743 451 4809 0“,915,
463 4741 542 4795 lineis
555 4740 642 4809 plenis
653 4757 723 4794 saec.
735 4738 773 4793 XI
784 4744 920 4794 exaratus.

1303 4841 1338 4894 34
