3284 5536
201 315 248 386 38
516 336 607 388 Βιυι.
634 336 715 386 ινιτ.
742 336 854 387 mus.
882 357 928 367 —
955 335 1034 388 con.
1061 336 1121 389 ττι.

246 532 276 586 1.
299 524 379 605 (Fol.
401 525 571 598 1782184.)
582 526 650 589 Τοῦ
662 526 696 589 ἐν
708 525 809 603 ἁγίοις
819 527 940 603 πατρὸς
953 527 1042 603 ἡμῶν
1055 528 1241 605 Γρηγορίου,
1254 528 1429 593 ἐπισκόπου

204 639 349 717 Νῦσσης,
362 640 519 718 ἐγκώμιον
535 642 579 718 είς
590 643 647 705 τόν
659 642 750 718 ἁγιον
762 642 1027 721 μεγαλομάρτυρα
1049 643 1263 723 Θεόδωρον.
1277 676 1312 696 =
1326 644 1352 709 B
1364 645 1393 708 β.

765 759 919 841 Σαββάτῳ
935 760 1055 842 πρώτῳ
1071 763 1137 823 τών
1152 759 1252 836 ἁγίων
1266 765 1435 838 νηστειῶν.

246 879 278 936 2.
301 873 380 952 (Fol.
396 874 567 953 184191v.)
578 875 736 952 Διήγησις
748 875 916 953 Νεκτερίου
927 875 1255 959 (υἱῷάρχιεπισκόπου
1269 877 1435 940 Κώνσταν-

201 989 429 1068 τινουπόλεως,
445 989 483 1053 δι’
506 992 545 1068 ήν
568 991 669 1053 αἰτίαν
683 997 728 1074 τῷ
751 992 870 1072 πρώτῳ
893 991 1045 1074 σαββάτῳ
1067 995 1134 1054 τών
1154 993 1254 1068 ἁγίων
1276 997 1437 1070 νηστειῶν

202 1106 394 1184 ἑορτάζομεν
422 1108 479 1184 τήν
508 1108 631 1184 μνήμην
656 1111 715 1170 τοῦ
742 1108 835 1184 ἁγίου
870 1107 1153 1186 μεγαλομάρτυρος
1183 1107 1435 1187 Θεοδώρου...

202 1222 315 1285 =B3.

247 1339 279 1396 3.
302 1331 381 1412 (Fol.
412 1331 585 1410 mum)
613 1331 772 1408 Διήγησις
800 1332 999 1408 ψυχωφελής
1027 1332 1097 1408 περὶ
1126 1336 1183 1408 τῆς
1205 1334 1264 1394 τοῦ
1295 1331 1435 1409 Κυρίου

203 1449 327 1525 είκόνος
352 1452 418 1511 τών
439 1448 710 1526 Χαλκοπρατείων,
734 1447 772 1510 δι’
798 1449 837 1526 ἢν
862 1448 962 1510 αἰτίαν
987 1447 1102 1526 ἐκλήθη
1130 1447 1356 1526 ἀντιφωνητής
1389 1452 1440 1513 καὶ

205 1567 276 1642 περὶ
299 1565 476 1642 Θεοδώρου
492 1566 685 1642 ναυκλήρου,
708 1565 757 1627 καί
778 1563 949 1642 Ἀβραμίου
971 1567 1030 1627 τοῦ
1046 1563 1206 1642 Ἑβραίου.
1220 1564 1332 1628 =B3.

945 1671 991 1754 Τῇ
1016 1677 1150 1755 κυριακῇ
1166 1677 1223 1749 τῆς
1238 1672 1442 1751 όρθοδοξίας

244 1796 279 1852 4.
304 1788 386 1870 (Fol.
403 1789 562 1871 223-939.)
577 1788 763 1866 Ὑπόμνημα
785 1789 829 1865 είς
850 1790 907 1866 τήν
923 1788 1104 1866 ἐπωνυμίαν
1129 1793 1186 1866 τής
1206 1788 1368 1868 ἀχράντου
1390 1792 1441 1853 καί

205 1909 434 1983 προσκυνητής
459 1905 584 1982 είκόνος
609 1909 665 1982 τής
693 1905 893 1981 παναμώμου
924 1904 1097 1981 δεσποίνης
1124 1904 1215 1981 ἡμών
1241 1904 1439 1970 Θεοτόκου

203 2020 440 2099 τήςῬωμαίας.
455 2020 590 2084 =B61.
1010 2020 1147 2101 Κυριοκῇ
1163 2025 1220 2097 τῆς
1235 2020 1440 2099 ὀρθοδοξίας.

244 2146 276 2202 5.
300 2137 378 2217 (Fol.
391 2137 566 2220 939-946v.)
577 2137 735 2214 Διήγησις
746 2137 913 2213 θαυμαστή
928 2136 1069 2213 περὶτοῦ
1081 2136 1257 2214 γενομένου
1271 2137 1439 2215 θαύματος

204 2255 238 2317 ἐν
251 2254 385 2336 Βηρυτῷ
398 2254 484 2331 παρὰ
494 2252 650 2331 τήςάγίας
661 2252 785 2329 είκόνος
796 2252 935 2329 Χριστοῦ
947 2255 1007 2314 τοῦ
1020 2251 1106 2315 Θεοῦ
1122 2253 1221 2329 ἡμιῦν.
1236 2271 1269 2293 -“-·
1283 2253 1368 2316 521⁹.

945 2369 991 2451 Τῇ
1008 2375 1140 2450 κυριακῇ
1155 2373 1213 2446 τής
1227 2368 1430 2448 όρθοδοξίος.

244 2492 276 2550 6.
299 2484 337 2567 (F
339 2484 378 2548 ol.
395 2485 583 2566 &mv-mv.)
597 2485 755 2562 Διήγησις
775 2488 835 2547 τοῦ
857 2484 891 2546 ἐν
912 2490 957 2567 τῷ
978 2482 1057 2566 ἁγίῳ
1078 2485 1193 2562 φρέατι
1212 2489 1269 2562 τῇς
1294 2485 1434 2563 μεγάλης

204 2602 372 2680 ἐκκλησίας
387 2602 538 2678 μεγίστου
555 2602 718 2678 θαύματος
732 2601 907 2677 γενομένου
919 2600 1006 2678 παρὰ
1019 2604 1076 2678 τῆς
1088 2599 1178 2676 ἁγίας
1191 2601 1240 2663 καὶ
1253 2601 1433 2679 σεβασμίας

203 2719 328 2796 εἰκόνος
343 2721 402 2781 τοῦ
419 2719 531 2796 κυρίου
548 2719 639 2796 ἡμῶν
653 2716 680 2780 Ἰ.
702 2717 743 2790 Χ,
759 2718 809 2779 καὶ
830 2718 900 2794 περὶ
921 2719 980 2779 τοῦ
1001 2716 1165 2793 πατρικίου
1194 2718 1322 2778 καὶτοῦ
1344 2719 1436 2794 φιλο-

203 2835 338 2914 χρίστου
351 2836 512 2912 νοτορίου.
524 2861 557 2880 =
572 2833 638 2897 134.
1012 2832 1148 2914 Κυριακή
1164 2836 1221 2909 τής
1237 2831 1439 2911 ὀρθοδοέίας.

245 2959 279 3015 7.
304 2950 382 3031 (Fol.
412 2951 587 3032 303-319v.)
616 2950 690 3026 Βίος
722 2950 771 3011 καὶ
803 2947 943 3011 πολιτεία
971 2951 1028 3024 τής
1063 2946 1157 3024 ὁσίας
1186 2948 1306 3025 μητρὸς
1343 2949 1436 3025 ἡμών

206 3069 351 3146 Μαρίας
379 3072 436 3144 τής
451 3067 629 3142 Αἰγυπτίας,
646 3066 847 3142 συγγραφεὶς
865 3063 952 3140 παρὰ
966 3066 1025 3126 τοῦ
1042 3063 1075 3126 έν
1091 3063 1193 3140 ἁγίοις
1207 3064 1330 3141 πατρὸς
1345 3064 1438 3142 ἡμῶν

205 3183 412 3261 Σωφρονίου,
427 3181 624 3259 πατριάρχου
640 3180 881 3257 Ἱεροσολύμων.
897 3199 929 3219 ·-·
943 3178 978 3242 B.

658 3296 703 3376 Τῇ
719 3295 743 3358 ε’
759 3299 815 3372 τῇς
831 3295 854 3357 ε’
871 3292 1051 3372 ἑβδομάδος
1065 3297 1131 3356 τών
1147 3295 1247 3369 ἁγίων
1262 3297 1436 3371 νηστειῶν.

247 3421 280 3480 8.
306 3412 384 3496 (Fol.
412 3412 603 3481 319v-326v.]
627 3411 786 3488 Διήγησις
810 3409 1041 3487 ώφελιμωτάτη
1071 3409 1105 3471 ἐκ
1133 3412 1268 3486 παλαιάς
1293 3409 1438 3486 ἱστορίας

206 3531 399 3605 συλλεγεῖσα
425 3528 474 3589 καὶ
500 3525 678 3603 άνὰμνησιν
700 3528 848 3602 δηλοῦσα
866 3527 926 3587 τοῦ
947 3524 1140 3601 παραδόξως
1156 3524 1332 3601 γεγονότος
1362 3525 1437 3587 θαύ-

206 3666 306 3723 ματος
318 3645 408 3722 ἡνίκα
420 3643 568 3720 δηλονότι
578 3642 704 3720 Πέρσαι
716 3644 765 3704 καὶ
782 3641 937 3718 βάρβαροι
948 3641 1005 3715 τήν
1018 3641 1164 3717 βασιλίδα
1174 3641 1293 3718 ταύτην
1304 3642 1435 3723 πολέμῳ

208 3763 484 3839 περιεκύκλωσαν·
504 3761 536 3824 οἳ
550 3761 599 3822 καὶ
623 3759 793 3821 ἀπώλοντο
807 3757 893 3835 θείας
916 3757 1004 3834 δίκης
1025 3757 1235 3834 πειραθέντες,
1251 3756 1269 3833 ἡ
1287 3759 1321 3819 δέ
1346 3756 1439 3835 πόλις

206 3875 322 3954 άσινής
338 3879 577 3954 συντηρηθεῑσα
591 3875 774 3953 πρεσβείαις
789 3878 845 3951 τῆς
871 3873 1064 3936 θεοτόκου
1093 3873 1231 3949 ἐτησίως
1246 3872 1354 3935 ἔκτοτε
1371 3870 1439 3954 ᾄδει

209 3994 435 4073 εὐχαριστήρια
450 3993 529 4075 αὐτῇ
545 4013 579 4056 τε
591 3993 693 4072 καὶτῷ
710 3991 742 4054 ἐξ
757 3989 855 4067 αὐτής
867 3990 1003 4067 τεχθέντι
1019 3992 1187 4066 μονογενεῑ
1203 3986 1262 4070 υἱῷ
1279 3990 1338 4051 τοῦ
1350 3987 1435 4052 Θεοῦ

208 4110 257 4171 καί
274 4107 355 4190 Θεῷ,
371 4106 547 4170 ἁκάθιστον
561 4108 618 4183 τήν
634 4106 754 4183 ἡμέραν
766 4103 1041 4181 κατονομάῑουσα.
1059 4136 1092 4156 =
1105 4102 1132 4165 B
1143 4102 1194 4165 59.

248 4222 382 4306 9.(F01.
406 4222 580 4303 394v400.)
598 4222 783 4300 Μαρτῦριον
807 4223 867 4283 τοῦ
890 4218 982 4296 ἁγίου
1006 4220 1055 4282 καὶ
1080 4219 1215 4282 ἐνδόξου
1242 4219 1438 4298 μεγαλομάρ·

207 4361 307 4418 τυρος
333 4339 541 4416 Θεοδώρου
563 4341 623 4402 τοῦ
639 4339 796 4416 τήρωνος.
810 4376 844 4395 --.
858 4335 940 4398 771⁹.
1280 4335 1373 4401 Febr.
1392 4335 1439 4399 17.

252 4454 408 4537 10.(701.
434 4453 595 4536 400-403.)
619 4452 686 4515 Τοῦ
714 4453 748 4515 ἐν
777 4451 878 4528 ἁγίοις
905 4451 1027 4528 πατρὸς
1056 4450 1145 4527 ἡμῶν
1176 4450 1352 4528 Θεοδώρου
1380 4454 1439 4514 τοῦ

209 4572 387 4636 Στουδίτου
412 4571 510 4646 λόγος
529 4570 573 4646 εἰς
594 4571 650 4645 τήν
670 4567 799 4646 εὕρεσιν
814 4572 871 4644 τής
889 4568 1076 4630 πανσέπτου
1098 4571 1239 4645 κεφαλῆς
1260 4571 1319 4632 τοῦ
1335 4568 1439 4644 τιμίου

209 4690 385 4767 προφήτου
399 4688 449 4749 καὶ
470 4685 660 4764 προδρόμου
674 4687 723 4748 καί
737 4687 913 4763 βαπτιστοῦ
936 4682 1120 4746 Ἰωάννου.
1132 4718 1164 4737 =
1175 4683 1202 4746 B
1212 4683 1241 4746 5.
1284 4682 1377 4747 Febr.
1390 4684 1440 4748 24.
