3284 5536
200 319 249 388 88
509 339 600 390 τοττι.
626 339 708 389 m.
734 339 849 389 ms.
868 359 915 369 —
939 339 1021 388 αιιι
1049 338 1126 389 ιαο.

244 524 1048 608 10.ίΥο177’-81.)Ναιφῦτου..συνοπττκον
1094 528 1259 599 &minum
1296 528 1343 603 είς
1381 530 1436 590 τὸν

200 643 294 717 lmen
307 642 522 719 νρομόρτυρα
545 641 827 719 Πολυχρόνιοκ.

365 756 1439 825 1οι.ῐῐολυιρόνιοςόῦιιιμόοιοςαετιίπῐινόλλωναίηψιμηστύν.-ὓσ

332 858 466 912 mima
478 860 740 922 έπέλοῦνῐωντίγτ
751 861 904 921 σεβάσμιον
915 860 1055 923 um..
1065 860 1150 923 δυ’γν.

245 964 301 1021 11.
322 954 402 1025 cm.
429 956 566 1035 mn,
607 955 782 1033 Νεοφύτου
807 1005 840 1018 ..
880 960 1073 1034 βραχυτελές
1099 957 1263 1033 ἐγκώμιον
1303 957 1351 1033 είς
1386 959 1443 1020 τὸν

201 1074 294 1148 ἄγων
306 1070 429 1148 πατόρα
440 1071 533 1147 ἡμων
543 1074 595 1132 καί
608 1074 859 1147 θαυματουρτον
879 1069 1120 1147 Ἀνδρόνικον
1139 1072 1193 1132 καί
1205 1071 1253 1146 εἰς
1262 1072 1325 1147 τὴν
1338 1070 1443 1133 αὐτοῦ

201 1186 445 1264 συμπριίιττυιρα
457 1184 556 1248 imm
569 1185 765 1247 Ὰῦαναιίιαν.

366 1298 422 1355 lna.
433 1300 609 1365 Ἀνδρονίκου
618 1299 834 1362 καίᾺῦανααίας
846 1301 863 1351 ὁ
874 1302 1003 1365 λαμπρός
1014 1301 1062 1352 καὶ
1071 1301 1259 1366 περίβλεπτος
1267 1300 1330 1365 βίος
1339 1328 1377 1338 -
1386 1299 1448 1353 Det.

335 1398 1314 1464 ωιοιτριαπωνταηγιρωροπωηήντπμτωμνητην-αογν.

246 1503 300 1564 12.
320 1494 751 1578 ίῖαΙ.8ῦ’·19τί,)Νεοφῦτου
766 1546 774 1558 .
789 1546 797 1558 .
812 1498 974 1573 ἐγκώμιον
994 1498 1041 1574 εἰς
1065 1500 1123 1560 τὸν
1142 1499 1214 1574 βίον
1234 1500 1287 1559 καί
1306 1498 1349 1560 τὰ
1369 1498 1449 1560 oms·

203 1635 285 1693 ματα
303 1614 365 1677 τοῦ
386 1612 483 1677 (mou
505 1618 555 1675 και
575 1613 746 1690 θεοφόρου
767 1614 891 1689 πατρὸς
918 1613 1011 1688 ἡμῶν
1032 1612 1249 1690 θεοσεβίου
1271 1616 1334 1676 τοῦ
1348 1612 1450 1691 Ἀρσι-

203 1731 325 1795 νυῑτου.

366 1839 421 1897 lna.
433 1843 492 1896 Τοῦ
509 1841 669 1907 ῦεοστβιίας
687 1843 838 1907 έιπῦνυμον
850 1843 1003 1908 θεααὲβιον
1023 1846 1077 1896 τόν
1093 1845 1205 1897 κλεινόν
1225 1847 1278 1897 τόν
1290 1845 1452 1911 κεκρυμμέ-

334 1957 386 1995 νον
393 1968 427 1980 -
439 1940 500 1994 [λοι.
512 1940 557 1994 καί
565 1945 626 1994 τῶν
636 1942 726 1994 αῦτοῦ
735 1942 923 2002 συααετόχων
935 1942 1014 2005 ότως
1025 1944 1157 2006 πάντες.
1168 1943 1253 2009 (ιμήν.

250 2064 305 2124 18.
329 2054 409 2137 (rol.
440 2055 628 2137 105v-114v.)
664 2057 838 2134 Νεοφύτου
862 2106 893 2119 ..
914 2060 960 2135 είς
988 2060 1047 2121 τὸν
1071 2058 1167 2122 ὅσιον
1196 2061 1248 2121 καί
1275 2060 1453 2138 θεοφόρον

205 2174 327 2252 πατέρα
342 2171 433 2251 ἡμῶν
445 2176 494 2235 καί
510 2174 759 2250 θαυματουργὸν
780 2172 976 2250 Ἰλαρίωνα
996 2174 1156 2251 έγιτιίιμιον
1171 2175 1225 2237 διὰ
1236 2177 1389 2253 βραχέων
1401 2178 1453 2239 καὶ

207 2296 241 2353 έκ
255 2292 322 2353 των
337 2287 511 2363 θαυμάτων
522 2288 624 2351 αὐτοῦ
640 2291 818 2365 συνοπτική
834 2291 884 2351 καί
899 2292 1009 2368 μερική
1024 2289 1150 2367 ἐκλογή.

371 2399 425 2456 luc.
436 2402 578 2468 Ἰλαρίωνα
596 2404 647 2455 τόν
657 2403 753 2466 μέγαν,
765 2405 800 2454 τό
809 2403 881 2467 μέγα
892 2406 987 2467 θαῦμα
998 2406 1050 2469 τῆς
1062 2403 1230 2470 οἰκουμένης
1243 2434 1276 2444 -
1288 2403 1355 2458 Doe.
1374 2405 1421 2458 καί
1433 2406 1452 2471 ὴ

338 2504 472 2568 παροῦσα
482 2503 599 2568 πενιχρὰ
610 2505 663 2554 τοῦ
675 2503 764 2565 λόγου
776 2503 933 2568 προσφορὰ
946 2502 1181 2568 εὐπρόσδεκτος...
1198 2503 1282 2569 ἀμήν.

252 2608 306 2666 14.
329 2600 409 2683 (Pol.
428 2600 600 2683 lav-122.)
616 2600 792 2678 Νεοφύτου
809 2650 816 2663 .
831 2650 838 2664 .
854 2602 1012 2677 ἐγκώμιον
1036 2602 1081 2679 εἰς
1099 2603 1158 2664 τὸν
1177 2603 1247 2680 βίον
1274 2605 1325 2665 καί
1346 2604 1393 2680 είς
1410 2604 1453 2666 τὰ

208 2719 354 2796 ῦυῦματα
374 2718 434 2782 τοῦ
456 2720 491 2782 ἐν
517 2716 618 2794 όγίοις
640 2719 762 2795 πατρὸς
787 2718 878 2795 ἡμῶν
899 2716 1092 2796 Ἀρκαδίου
1115 2718 1297 2782 ἐπισκόπου
1319 2721 1452 2798 πόλεως

208 2832 382 2914 Ἀρσινόης.

372 2948 426 3002 Ine.
439 2949 579 3014 Ἀρκόῦιον
591 2949 643 3001 τόν
656 2949 805 3001 θεσπέσιον
823 2947 868 3000 καί
880 2948 969 3012 μέγαν
980 2948 1011 3001 ἐν
1024 2948 1163 3015 Ιεραρχαις
1181 2977 1214 2986 -
1226 2948 1289 3003 Des.
1307 2950 1354 3004 καί
1367 2953 1449 3017 χάριν

343 3049 572 3115 ῦμολογήσαντες
584 3052 619 3113 τη
632 3052 729 3112 ταχινῇ
744 3061 797 3100 σου
810 3046 970 3113 πρεσβεία...
983 3048 1065 3114 ἀμήν.

254 3155 308 3213 15.
331 3146 409 3229 (Ful.
443 3146 601 3228 191-119.)
631 3146 804 3225 Νεοφύτου
824 3196 830 3209 .
847 3196 853 3209 .
870 3147 1028 3225 ἐγκώμιον
1044 3147 1088 3224 είς
1106 3148 1164 3210 τὸν
1179 3147 1272 3224 ἅγιον
1292 3150 1342 3211 καί
1359 3149 1450 3212 ἔνδο-

211 3270 267 3330 ξον
296 3284 376 3342 μέγα
396 3262 563 3342 ομόρτυρα
583 3262 811 3341 Δημήτριον,
838 3262 909 3340 περί
935 3283 970 3327 τε
995 3268 1052 3340 τῆς
1077 3262 1178 3326 αὐτοῦ
1200 3265 1378 3342 μαρτυρίας
1400 3266 1451 3328 καί

211 3384 277 3445 τῶν
292 3377 465 3457 θαυμάτων
482 3380 605 3442 καὶτοῦ
622 3379 802 3457 σεβασμίου
815 3381 897 3442 ναοῦ
914 3377 1026 3442 αὐτοῦ.

375 3492 429 3549 Ιτιο.
440 3495 603 3561 Δημήτριος
617 3494 633 3546 ό
646 3495 759 3557 ἔνδοξος
772 3492 817 3546 καί
828 3496 879 3559 τῆς
892 3494 952 3546 όνω
970 3493 1170 3560 λαμπρότητος
1181 3494 1332 3561 σύσκηνος.
1345 3526 1378 3535 -
1387 3495 1451 3549 Dm.

343 3594 389 3647 ίνα
402 3593 446 3647 καί
459 3593 591 3647 ἐντεῦθεν
601 3592 726 3657 δοξόσθη
742 3605 795 3646 σου
808 3593 990 3656 τόπανάγιον
999 3593 1116 3657 όνομα...
1129 3593 1211 3658 ἀμήν.

258 3718 312 3776 16.
335 3708 413 3792 (Fol.
443 3707 600 3791 199134.)
631 3707 803 3786 Νεοφύτου
820 3757 826 3770 .
844 3707 1044 3786 ,ἀνάμνησις
1071 3710 1142 3786 περὶ
1166 3712 1313 3786 σεισμῶν
1335 3709 1451 3790 διαφό-

216 3848 283 3909 ρων
298 3828 347 3891 καί
363 3827 493 3904 ζήτησις
507 3826 577 3904 περὶ
589 3825 716 3888 τούτων
731 3825 781 3886 καὶ
797 3825 868 3902 περὶ
884 3824 970 3887 θεοῦ
989 3825 1186 3902 κηδεμονίας.

380 3942 434 3997 ίτια.
446 3941 550 4009 Ζητιῦν
561 3940 693 4003 πολλάκις
707 3939 763 4004 ἐγώ
781 3940 835 4006 τὴν
847 3938 938 3994 αίτίαν
951 3938 986 3993 δι’
993 3939 1029 4006 ἢν
1038 3941 1055 4007 ἡ
1065 3943 1101 4006 γῆ
1109 3940 1205 4006 τρέμει
1215 3939 1261 3994 καί
1273 3941 1453 3995 κατασείεται

348 4073 379 4086 -
392 4042 453 4097 λλον.
466 4042 497 4104 ός
513 4040 651 4107 αἰσθητοῦ
664 4054 695 4092 τε
709 4037 753 4092 καί
764 4043 871 4106 νοητοῦ
885 4043 1028 4106 σεισμοῦ...
1041 4040 1122 4106 ἀμήν.

260 4148 314 4206 17.
339 4139 417 4224 (rol.
450 4137 623 4220 134·139v.)
653 4135 825 4215 Νεοφύτου
843 4186 871 4199 ..
895 4137 1053 4214 ἐγκώμιον
1083 4140 1303 4215 κεφαλαιῶόες
1325 4139 1371 4216 είς
1392 4139 1450 4202 τὸν

216 4256 312 4323 όσιον
328 4258 376 4321 καί
392 4254 641 4335 Θαυματουργὸν
652 4253 773 4332 πατέρα
788 4253 879 4331 ἡμῶν
900 4253 1089 4330 Διομήδιν
1110 4255 1168 4317 τὸν
1186 4255 1262 4318 νέον
1276 4254 1335 4318 τόν
1356 4254 1452 4333 ἐγγὺς

216 4374 445 4451 Λευκοπόλεως
460 4373 589 4451 Κύπρου
603 4373 653 4435 καὶ
669 4371 777 4448 κώμης
788 4368 1006 4448 Λευκομιὰδος
1019 4371 1189 4447 τηλαυγῶς
1200 4369 1450 4448 διαλάμψαντος.

1316 4484 1390 4550 Οαί.
1403 4487 1455 4550 98.

383 4604 436 4660 ίαο.
447 4604 584 4672 Διομηόίν
596 4605 648 4657 τὸν
661 4603 819 4668 θαυμάσιον
831 4600 872 4665 τίς
886 4601 981 4664 ίκανός
994 4601 1138 4655 ἐπαινέσαι
1151 4600 1233 4665 ἀξίως
1248 4632 1278 4642 -
1293 4601 1356 4655 Des.
1375 4602 1455 4667 ὅπως

350 4708 380 4761 ἐκ
388 4707 507 4759 πόντων
517 4705 561 4758 καί
571 4704 617 4757 διὰ
627 4704 768 4756 πάντων...
779 4702 860 4769 όμήν.
