3284 5536
611 647 1012 735 CATALOGUS

199 910 425 1089 IIIIIII
499 909 1033 1090 IIIIIIIIIIIIIII
1113 910 1427 1092 IIIIIIIII

331 1269 662 1339 BIBLIIITHECAII
707 1268 972 1341 NATIONALIS
1015 1269 1296 1343 PARISIENSIS

795 1886 836 1959 ό.

233 2098 323 2150 Codex
341 2098 500 2150 Octateuchi
514 2098 541 2149 in
554 2113 608 2164 quo
627 2098 780 2164 fragmenta
792 2095 1005 2164 hagiographia
1022 2096 1075 2149 aiio
1088 2112 1120 2149 ex
1136 2096 1228 2150 codice
1243 2097 1362 2151 detracta
1373 2115 1434 2151 con·

201 2198 330 2259 timemur,
346 2197 478 2257 videlicet,
491 2197 536 2248 iol.
551 2197 598 2259 1-4,
610 2196 725 2259 maroni,
735 2211 798 2263 pars
809 2195 944 2248 Passionis
956 2194 983 2247 S.
995 2195 1069 2248 Petri
1080 2195 1264 2249 Alexandrini.
1276 2220 1308 2239 =
1319 2196 1349 2250 B.

769 2493 868 2564 1156.

239 2690 309 2741 Oiim
325 2692 333 2735 I
339 2690 496 2741 :albertinus
508 2690 580 2749 mm,
593 2693 688 2754 postea
701 2688 801 2754 Regius
810 2688 895 2740 ΞΜ.

234 2788 334 2839 Partim
346 2789 505 2839 chartaceus
515 2787 573 2852 [Iol.
585 2788 660 2853 1321,
671 2787 770 2852 partim
781 2787 984 2848 membraneus,
993 2787 1124 2839 foliorum
1135 2787 1325 2850 198‚0¹¹¹‚I95)<
1332 2789 1433 2852 Omma,

203 2887 263 2938 inde
276 2904 292 2937 a
307 2887 350 2937 ίολ.
365 2887 412 2937 145
423 2885 501 2937 lineis
513 2886 607 2952 plenis,
619 2889 744 2937 exaratus
754 2900 824 2937 saec.
833 2883 903 2938 XIII.
916 2885 977 2937 Dies
992 2884 1093 2937 mensis
1104 2900 1201 2938 manus
1212 2885 1348 2939 recentior
1365 2902 1434 2939 mar·

203 2985 256 3050 gini
268 2985 396 3050 appinxit.

242 3143 270 3196 1.
294 3135 371 3215 (Fal.
393 3134 752 3212 Ia3-15I.)iip01<01110u
770 3133 920 3196 διακόνου
938 3138 987 3196 καί
1002 3135 1251 3213 χαρτοφύλακος
1265 3139 1323 3211 τῆς
1339 3135 1432 3212 μεγά·

203 3254 260 3325 λης
277 3250 443 3327 ἐκκλησίας
460 3250 558 3326 λόγος
574 3250 617 3324 εἰς
632 3251 689 3325 τήν
704 3248 804 3325 ἀρχὴν
820 3252 877 3312 τοῦ
894 3248 988 3326 ἔτους
1005 3251 1054 3311 καὶ
1070 3249 1114 3326 είς
1130 3249 1168 3312 τὰ
1183 3249 1329 3325 ἐγκαίνια.

1272 3364 1376 3445 [Sept.
1394 3365 1434 3444 l.l

363 3482 415 3533 Inc.
429 3502 434 3533 :
452 3480 612 3544 Ἐγκαινίυιν
624 3483 760 3545 τελοῦμεν
772 3480 930 3545 πανήγυριν
944 3478 989 3532 καί
1002 3478 1150 3543 ἐγκαινίιιιν
1163 3480 1204 3533 ὧν
1216 3481 1250 3533 τὸ
1263 3481 1405 3545 μέγεθος...

240 3588 271 3643 2.
296 3581 373 3657 (λόλ.
395 3581 564 3659 lai-Ian.)
579 3581 711 3655 Συμεὼν
727 3580 904 3655 μαγίστρου
929 3581 978 3640 καί
993 3580 1173 3654 λογοθὲτου
1191 3580 1290 3655 λόγος
1306 3581 1350 3656 εἰς
1375 3580 1432 3642 τὸν

198 3697 292 3759 ὅσιον
318 3699 473 3772 Συμεὼν
498 3698 555 3758 τόν
572 3696 605 3757 ἐν
622 3701 666 3778 τῷ
684 3696 802 3777 στόλῳ.
819 3727 857 3744 =
872 3694 938 3757 Ba.
1269 3693 1373 3775 [Sept.
1391 3696 1431 3776 I.]

239 3822 271 3876 3.
295 3813 373 3889 (Fal.
401 3813 586 3889 miv-Iam.)
612 3812 770 3887 Διήγησις
795 3812 944 3887 περὶτοῦ
970 3811 1145 3887 γενομένου
1170 3811 1333 3887 θαύματος
1346 3813 1432 3889 παρὰ

201 3934 258 3990 του
277 3929 533 4004 ἀρχιστρατήγου
571 3927 714 4003 Μιχαὴλ
746 3926 779 3988 ἐν
795 3929 863 4000 ταῖς
878 3925 1008 4002 Χώναις.
1023 3949 1055 3967 =
1070 3926 1096 3989 B
1111 3925 1140 3988 3.
1298 3925 1388 4006 Sept.
1403 3928 1432 3989 6.

239 4052 272 4105 4.
296 4044 374 4122 (I'nl.
394 4043 565 4120 Inar-171.)
581 4042 735 4118 Ἀνδρέου,
751 4041 1000 4118 ἀρχιεττισκόττου
1024 4040 1153 4117 Κρήτης,
1168 4045 1228 4103 τοῦ
1255 4041 1433 4118 Ἱεροσολυ-

204 4161 314 4234 μήτου,
330 4159 428 4232 λόγος
444 4158 487 4230 είς
503 4158 538 4217 τό
555 4157 716 4230 γενέθλιον
743 4159 798 4231 τῆς
815 4155 988 4231 διιεραγίας
1007 4155 1141 4217 ἐνδόξου
1158 4156 1332 4233 δεσποίνης
1346 4157 1435 4233 ἡμῶν

205 4275 368 4335 Θεοτόκου
388 4274 435 4333 καί
452 4272 662 4348 όειπαρθὲνου
693 4270 845 4347 Μαρίας.
874 4294 907 4314 =
921 4269 947 4332 B
962 4271 991 4333 9.
1274 4270 1378 4354 [Sept.
1393 4273 1436 4353 8.]

244 4399 276 4452 5.
302 4390 380 4470 (Fal.
400 4388 572 4468 iil-IIII).
590 4388 663 4462 Βίος
679 4387 727 4448 καὶ
742 4387 882 4448 πολιτεία
896 4391 953 4463 τῆς
978 4385 1072 4462 ὁσίας
1094 4385 1310 4464 Θεοδώρας
1331 4392 1388 4464 τῆς
1403 4388 1436 4450 ἐν

203 4505 423 4585 Ἀλεξανδρείᾳ.
435 4530 467 4547 =
482 4504 547 4565 Bi.
1281 4501 1370 4584 Sept.
1389 4503 1437 4576 11,

246 4629 278 4684 6.
301 4621 380 4701 (For.
400 4621 585 4700 niumm.)
597 4620 663 4682 Τοῦ
680 4618 714 4681 ἑν
726 4617 827 4693 ἁγίοις
837 4619 960 4695 πατρὸς
970 4616 1060 4695 ἡμῶν
1071 4616 1228 4695 Ἀνδρέου,
1241 4617 1439 4696 ἀρχιεπισκό-

1326 4735 1339 4787 1
