3284 5536
403 379 495 430 οιιιι..
521 377 602 429 τιατ.
629 378 743 429 mus,
763 399 809 409 —
836 378 916 430 σοι).
943 374 1019 430 ιιιι.
1260 356 1329 429 1βὸ

125 575 185 634 38.
207 568 288 649 (Fol.
304 568 479 652 357-360v.)
493 568 560 632 Τοῦ
576 569 609 631 ἐν
625 568 727 646 ἁγίοις
749 568 871 646 πατρὸς
893 569 984 646 ἡμῶν
1000 570 1162 646 Γερμανοῦ
1190 568 1327 646 ἀρχιεπι-

86 685 219 748 σκόπου
248 685 618 763 Κωνσταντινουπόλεως
648 685 748 762 λόγος
777 686 822 762 είς
853 685 891 747 τὰ
918 684 1057 760 ἐγκαίνια
1082 688 1141 748 τοῦ
1160 687 1242 747 ναοῦ
1269 688 1327 761 τῆς

86 800 265 879 ῦπεραγίας
287 801 485 865 Θεοτόκου
508 805 573 863 τῶν
585 800 832 878 Χαλκοπρατίων
847 805 903 878 τῆς
918 799 1009 878 ἁγίας
1021 803 1137 878 σοροῦ,
1151 801 1200 863 καὶ
1212 800 1256 878 είς
1267 802 1326 877 τήν

86 915 261 979 κατάθεσιν
275 919 332 993 τῆς
356 915 456 992 τιμίας
471 916 519 977 καί
535 913 626 991 ἁγίας
644 915 748 991 Ζώνης
774 916 904 978 καὶτῶν
920 915 1108 992 σεβασμίων
1124 914 1325 991 σπαργάνων

85 1035 149 1095 τοῦ
165 1035 321 1108 σωτῆρος
333 1031 423 1109 ἡμῶν
435 1029 462 1093 Ἰ.
478 1030 656 1094 x.=B58.
790 1009 791 1012 ¹
1183 1030 1265 1111 Aug.
1277 1028 1327 1092 31.

130 1152 189 1212 ³9.
213 1146 251 1229 (F
252 1145 293 1210 ol.
309 1145 500 1226 360v-363v.)
515 1145 693 1224 Ἐγκώμιον
708 1147 753 1223 είς
765 1147 822 1223 τήν
838 1145 1009 1209 κατάθεσιν
1031 1151 1088 1224 τής
1103 1146 1205 1223 τιμίας
1221 1146 1327 1224 Ζώνης

86 1266 146 1340 τῆς
160 1262 336 1338 ῦπεραγίας
347 1262 521 1338 δεσποίνης
537 1261 627 1337 ἡμῶν
650 1261 856 1324 Θεοτόκου.
874 1293 907 1312 =
921 1260 948 1324 B
962 1260 1012 1324 57.
1179 1260 1261 1342 Aug.
1277 1261 1328 1325 31.

258 1374 324 1428 Fine
337 1373 482 1429 mutilum:
531 1375 686 1442 κεχρημένη
698 1379 793 1429 πᾶσαν
806 1375 900 1440 ψυχὴν
911 1373 1090 1441 ἀδιακρίτω...

643 1674 776 1747 1154.

123 1871 199 1926 Olim
211 1871 385 1933 colbertinus
394 1871 453 1935 ἁλί,
462 1874 558 1939 postea
572 1870 672 1937 Regius
683 1863 770 1923 201422

123 1970 268 2026 Foliorum
278 1971 334 2035 180,
342 1971 439 2034 0¹¹3oe
448 1979 473 2028 ><
483 1970 540 2034 250,
546 1969 618 2024 binis
627 1969 771 2034 columnis,
781 1974 909 2024 exaratus
918 1986 989 2040 saec.
998 1969 1021 2022 X
1030 1970 1110 2034 γίολία
1122 1971 1143 2034 1,
1151 1970 1169 2025 8
1177 1969 1231 2024 τλία
1239 1987 1332 2026 manu.

122 2069 240 2125 Numeri
252 2069 338 2124 titulis
350 2069 434 2123 additi
446 2085 509 2125 cum
522 2069 620 2124 nostn's
632 2073 758 2123 accurate
768 2070 944 2124 concordant.

135 2226 168 2282 1.
190 2218 271 2295 (Fol.
286 2219 361 2302 1-8.)
377 2218 452 2294 Βίος
469 2220 530 2282 τοῦ
551 2217 647 2281 ὁσίου
670 2219 794 2296 πατρὸς
814 2219 904 2296 ἡμῶν
926 2219 1061 2295 Συμεὼν
1083 2222 1142 2282 τοῦ
1168 2220 1330 2283 στυλίτου.

89 2364 125 2388 --
142 2333 227 2398 760⁹.
1175 2333 1275 2416 [Sept.
1289 2334 1327 2413 1.]

134 2456 168 2515 2.
193 2450 273 2533 (Pol.
285 2450 385 2532 9-11.)
396 2449 545 2514 Ἰωάννου
573 2449 751 2512 ἐπισκόπου
768 2449 1141 2528 Κωνσταντινουπόλεως
1162 2449 1262 2528 λόγος
1283 2450 1328 2528 είς

88 2569 153 2644 τὴν
168 2565 269 2645 ἀρχήν
283 2569 344 2630 τοῦ
360 2566 463 2643 ἔτους,
477 2567 525 2628 καὶ
537 2566 581 2642 είς
596 2565 768 2642 μάρτυρας,
780 2567 829 2628 καὶ
845 2566 889 2642 είς
905 2568 962 2643 τήν
977 2566 1163 2644 αἱμόρρουν.
1180 2565 1280 2648 [Sept.
1292 2566 1330 2644 1.]

259 2682 317 2736 Ino.
327 2681 498 2748 Ἐπὰλληλον
510 2684 626 2749 σημεῖον
638 2682 715 2747 παρὰ
724 2685 777 2734 τοῦ
790 2682 933 2735 δεσπότου
943 2683 1091 2748 Χριστοῦ...

137 2779 448 2864 ³.(Fol.11v-17v.)
476 2780 543 2845 Τοῦ
573 2781 728 2858 μακαρίου
755 2780 971 2858 Θεοδωρήτου
1006 2781 1184 2845 ἐπισκόπου
1221 2781 1328 2860 Κύρου

92 2898 257 2975 ἐγκώμιον
272 2896 317 2974 είς
331 2896 389 2960 τόν
411 2896 481 2975 βίον
495 2899 554 2960 τοῦ
570 2895 604 2959 ἐν
619 2895 721 2973 ἁγίοις
736 2897 858 2973 πατρὸς
881 2897 971 2974 ἡμῶν
992 2898 1145 2974 Συμεὼν
1167 2900 1226 2960 τοῦ
1250 2913 1327 2961 στυ·

88 3014 187 3077 λίτου
199 3014 249 3074 καί
265 3011 521 3090 ἀρχιμανδρίτου,
536 3012 571 3074 ἐκ
585 3016 642 3088 τῆς
656 3012 814 3074 Φιλοθέου
828 3011 981 3090 ἱστορίας.
1002 3045 1033 3063 =
1049 3013 1075 3075 B
1092 3013 1118 3076 1.
1172 3011 1270 3094 [Sept.
1289 3013 1327 3093 1.]

264 3128 333 3183 Cum
346 3127 469 3181 clausula
481 3127 588 3180 diversa
599 3128 634 3180 ab
647 3127 725 3180 edita.

135 3235 172 3291 4.
193 3226 273 3309 (rol.
294 3226 424 3308 law.)
435 3226 558 3304 Μιχαὴλ
570 3229 720 3289 ταπεινοῦ
736 3230 878 3304 μοναχοῦ
892 3227 1048 3304 ἐγκώμιον
1063 3228 1107 3304 είς
1122 3229 1179 3293 τόν
1194 3228 1328 3294 ἔνδοξον

91 3344 271 3422 προφήτην
286 3344 336 3405 καὶ
351 3341 497 3420 ἀρχιερέα
520 3344 569 3405 καὶ
591 3342 734 3420 μάρτυρι
757 3342 897 3420 Χριστοῦ
918 3343 1108 3421 Ζαχαρίαν
1129 3344 1186 3408 τὸν
1207 3346 1329 3422 πατέρα

93 3462 155 3522 τοῦ
166 3458 307 3536 μεγάλου
321 3460 506 3536 προφήτου,
520 3457 711 3535 προδρόμου
729 3459 778 3520 καὶ
791 3462 967 3535 βαπτιστοῦ
984 3458 1141 3523 Ἰωάννου.
1171 3459 1270 3542 [δορί.
1286 3459 1326 3539 6.1

262 3574 319 3628 Ine.
331 3572 515 3641 Πρρφητικαί
524 3574 634 3639 χάριτες
647 3574 699 3639 τὴν
712 3573 880 3640 οἰκουμένην
892 3575 1003 3628 ἁνωθεν
1016 3577 1223 3641 διαλαβοῦσαι...

137 3681 172 3738 5.
193 3672 423 3757 (F01.24v-31.)
448 3672 608 3750 Διήγησις
634 3674 683 3734 καὶ
707 3672 833 3750 ἱστορία
858 3677 928 3751 πῶς
953 3674 1103 3752 ἐγεννήθη
1131 3675 1148 3752 ἡ
1173 3675 1328 3753 ῦπεραγία

98 3789 293 3866 θεοτόκος
315 3789 359 3865 είς
374 3789 464 3865 ἡμῶν
479 3788 652 3866 σωτηρίαν.
668 3811 699 3833 --·
714 3787 740 3850 Β
755 3788 781 3850 1.
1177 3789 1277 3872 [Sept.
1292 3791 1332 3870 8.]

138 3902 449 3986 o.(F01.31v-35v.)
487 3901 631 3981 Ἀνδρέου
658 3901 908 3981 άρχιεπισκόπου
940 3904 1061 3983 Κρήτης
1093 3905 1192 3983 λόγος
1220 3907 1265 3984 εἰς
1293 3908 1330 3971 τό

98 4021 259 4095 γενέθλιον
275 4024 332 4097 τῆς
348 4018 520 4097 ῦπεραγίας
543 4019 870 4082 Θεοτόκου.εΒ9.
1181 4021 1280 4104 [Sept.
1293 4022 1333 4102 8.]

138 4141 171 4199 7.
193 4134 273 4217 (δὀἱ.
289 4133 408 4217 3642.)
424 4134 498 4211 Βίος
509 4134 559 4196 καί
573 4133 714 4196 πολιτεία
728 4138 785 4211 τῆς
799 4133 893 4211 ὁσίας
915 4134 1128 4212 Θεοδώρας.
1141 4134 1211 4198 =B
1229 4135 1276 4199 la.
1329 4219 1332 4224 ἦ

1177 4249 1267 4332 Sept.
1285 4250 1332 4314 11.

140 4371 173 4431 θ.
195 4364 274 4447 (Pol.
302 4364 425 4446 42-60.)
451 4363 654 4441 Ἀλεξάνδρου
680 4368 824 4443 μοναχοῦ
859 4365 957 4441 λόγος
985 4364 1149 4443 ἱστορικὸς
1177 4368 1248 4443 περί
1276 4371 1334 4444 τῆς

100 4482 265 4560 εὑρέσεως
274 4482 336 4544 τοῦ
347 4480 450 4557 τιμίου
463 4483 512 4544 καὶ
528 4484 692 4545 Ζωοποιοῦ
716 4483 898 4558 σταυροῦ,
920 4481 1002 4558 πρός
1015 4501 1101 4557 τινας
1113 4480 1229 4559 ὁσίους
1240 4483 1335 4545 πατέ-

99 4619 170 4679 ρας,
184 4597 378 4675 προτραπεὶς
405 4595 458 4658 ῦπ’
480 4597 596 4670 αὐτῶν,
612 4596 688 4680 ἐνῴ
712 4597 779 4661 ἐστι
796 4597 945 4672 θεολογία
967 4596 1086 4674 ἀληθής
1108 4599 1157 4659 καί
1179 4599 1249 4675 περὶ
1275 4602 1335 4674 τής

102 4715 277 4794 ὁμολογίας
292 4715 342 4776 καὶ
351 4706 514 4792 ’ἐγκώμιον
529 4713 574 4791 είς
587 4713 644 4777 τὸν
658 4715 760 4792 τίμιον
776 4717 929 4792 σταυρόν.
943 4732 977 4774 *⁴
992 4712 1018 4776 B
1032 4712 1058 4776 1.
1180 4712 1269 4794 Sept.
1287 4711 1334 4776 14.
