3284 5536
409 357 501 413 οιαι.
526 357 607 408 τιατ.
634 357 748 409 mus.
770 379 820 417 -,
842 359 920 409 con.
949 355 1023 409 ιιιο.
1267 334 1333 405 149

139 557 196 616 12
218 549 298 634 (Fol.
319 548 734 633 θοι-91.)Μαρτύριοντον
756 547 856 625 ἁγίων
881 547 1109 627 Χαρίτωνος,
1130 546 1267 625 Χαριτοῦ
1283 546 1333 607 καὶ

92 671 154 745 τῆς
170 666 330 741 συνοδίας
345 664 461 728 αὐτῶν.
476 687 509 710 =
523 662 690 745 (Iustinus)
707 662 743 726 B.

263 779 332 834 Stilo
344 778 472 833 nonnihil
484 778 601 832 diverso.

139 904 196 961 13.
218 895 299 971 (Fol.
321 894 454 977 91-92'.)
470 894 657 974 Μαρτῦριον
671 897 731 958 τοῦ
747 894 841 970 ἁγίου
867 895 1067 958 πανενδόξου
1095 893 1259 971 μάρτυρος
1274 894 1332 957 τοῦ

91 1012 238 1091 Χριστοῦ
266 1011 499 1074 Καλλινίκου.

264 1124 361 1180 1ιια.“0
375 1125 517 1192 γνώριμος
530 1125 593 1192 Θεῷ
606 1124 651 1177 καί
672 1129 758 1178 πᾶσιν
777 1126 937 1191 ἀνθρώποις
960 1123 1118 1187 Καλλίνικος
1138 1123 1174 1189 ἦν
1194 1123 1244 1187 μὲν
1257 1123 1336 1188 Κῆλιξ

228 1231 271 1293 τῷ
283 1227 400 1291 γένει-
412 1226 474 1280 Des.
485 1226 556 1292 ὑπὲρ
569 1225 708 1292 ὀρφανῶν
721 1228 849 1280 δυσωπεῖ
859 1227 911 1279 τὸν
924 1227 1046 1292 κύριον...
1060 1224 1141 1290 ἀμήν.

136 1349 194 1406 14.
217 1341 298 1423 (Fol.
314 1341 433 1424 93-95.)
447 1341 514 1405 Τοῦ
531 1341 565 1404 ἐν
587 1341 690 1418 ἁγίοις
704 1342 827 1419 πατρὸς
848 1342 939 1420 ἡμῶν
956 1340 1106 1405 Ἰωάννου
1131 1339 1332 1418 ἀρχιεπισκὰ-

90 1480 162 1523 που
186 1455 559 1534 Κωνσταντινουπόλεως
573 1461 633 1520 τοῦ
646 1456 886 1535 Χρυσοστόμου
899 1458 1056 1535 ἐγκώμιον
1071 1457 1115 1533 ἐίς
1126 1459 1205 1533 τοὺς
1220 1453 1334 1531 ἁγίους

90 1573 309 1651 ἀποστόλους
330 1572 480 1651 Πέτρον
506 1574 556 1637 καί
580 1573 745 1637 Παῦλον.
759 1601 790 1624 =
808 1573 910 1661 14471.

137 1715 196 1772 15.
219 1705 300 1788 (Fol.
322 1704 455 1788 95¹-97.)
471 1705 538 1770 Τοῦ
554 1704 647 1782 ἁγίου
673 1705 823 1770 Ἰωάννου
839 1709 899 1770 τοῦ
921 1705 1158 1784 Χρυσοστόμου
1176 1704 1333 1782 ἐγκώμιον

89 1825 141 1902 είς
158 1825 218 1887 τὸν
234 1821 326 1899 ἁγιον
341 1820 529 1886 ἀπόστολον
550 1822 715 1885 Παῦλον.

263 1937 317 1991 lnc.
331 1937 425 2003 Δεῦρο
437 1937 562 2003 τήμερον
574 1937 694 2003 ἑκατέρα
707 1936 794 2000 κτίσις
807 1938 857 2004 ἦτε
871 1936 994 2003 αἰσθητὴ
1008 1938 1058 2003 ητε
1071 1936 1186 2002 νοητή...

136 2066 195 2124 16.
219 2057 531 2142 (F01.97-98v.)100
547 2059 648 2122 αὐτοῦ
663 2059 775 2138 ἕτερον
790 2059 947 2137 ἐγκώμιον
970 2061 1015 2137 εἰς
1039 2060 1096 2123 τὸν
1120 2058 1212 2135 ἁγιον
1233 2058 1334 2123 Παῦ-

86 2178 154 2239 λον
176 2175 236 2239 τὸν
251 2173 446 2238 ἀπόστολον.

262 2290 317 2344 Ine.
326 2290 455 2357 Σήμερον
464 2294 516 2345 τοῦ
529 2289 667 2357 μακαρίου
680 2291 798 2345 Παῦλου
812 2291 911 2356 ἑορτῆς
921 2289 1113 2356 προκειμένης,
1126 2291 1198 2353 ἁπας
1211 2291 1300 2359 ἡμῖν...

136 2406 637 2498 17.(Γοί.98’-108.)1Πράξεις
665 2419 731 2478 τῶν
758 2413 857 2490 ἁγίων
883 2413 1077 2478 ἀποστόλων
1105 2414 1256 2492 Πέτρου
1284 2415 1332 2478 καὶ

85 2531 264 2604 Παύλου,
290 2531 361 2608 ἢτοι
376 2531 551 2609 μαρτύριον
566 2529 843 2609 μαρτυρησάντων
858 2530 893 2593 ἐν
908 2529 1023 2612 Ῥώμη.
1035 2530 1109 2593 =B
1127 2531 1152 2593 1.

135 2677 195 2737 18.
217 2670 297 2753 (Pol.
319 2671 492 2752 108-111'.)
508 2671 695 2749 Μαρτύρων
716 2675 782 2734 τῶν
798 2671 898 2748 ἁγίων
910 2671 1102 2749 ἁναργῦρων
1127 2671 1256 2749 Κοσμᾶ
1282 2673 1332 2736 καὶ

85 2790 305 2866 Δαμιανοῦ.
321 2787 439 2852 =B4.

261 2903 396 2972 sequitur,
413 2903 460 2958 fol.
480 2902 685 2968 111’·112,ιιο1ο
704 2902 871 2957 αδίεδίιοάίο
884 2906 1016 2970 concepta
1030 2923 1036 2957 ι
1050 2901 1105 2971 [Εἰς
1119 2904 1187 2967 τοὺς
1199 2902 1332 2973 άναρ]γά-

230 3019 298 3070 ρους
316 3003 461 3058 Μεθοδίου
479 3007 532 3056 τοῦ
552 3003 582 3056 ἐν
601 3001 690 3068 ἁγίοις
707 3005 883 3069 πατριάρχου
907 3004 1245 3067 Κωνστοντινουπόλεως.
1263 3004 1331 3058 Ἰδοὺ

230 3101 403 3168 ἐγράψαμεν,
427 3103 466 3166 ὡς
484 3102 717 3168 ἐπηγγειλάμεθα,
735 3103 859 3155 ἀπὸτοῦ
877 3103 994 3168 πρώτου
1009 3101 1113 3167 βιβλίου
1132 3107 1191 3155 των
1207 3119 1332 3170 πανηγυ-

228 3199 528 3267 ρικομαρτυρολογίων
545 3203 609 3268 ἢτοι
629 3199 808 3267 μηνολογίων
827 3201 904 3266 μέχρι
925 3202 1030 3255 τούτου
1049 3205 1101 3255 τοῦ
1123 3203 1260 3268 δευτέρου
1281 3203 1332 3265 τάς

232 3301 305 3366 τρεῖς
315 3299 427 3364 lurda·

139 3422 197 3481 19.
218 3413 298 3497 (Fol.
325 3414 484 3496 112-114.)
518 3415 704 3494 Μαρτύριον
729 3419 789 3479 τοῦ
817 3416 909 3492 ἁγίου
942 3417 1141 3480 πανενδὰξου
1168 3416 1332 3497 μάρτυρος

91 3529 353 3609 Παγκρατίου.

260 3644 315 3699 Ine.
325 3643 369 3698 Ἔν
380 3646 440 3708 τοῖς
451 3645 563 3710 χρόνοις
575 3646 690 3709 ἐκείνοις
703 3645 901 3710 βασιλεύοντος
914 3646 1120 3710 Διοκλητιανοῦ
1141 3644 1187 3697 καί
1199 3646 1332 3712 Μαξιμια-

229 3748 281 3799 ναθ
297 3748 358 3798 των
370 3744 569 3808 ἐναγεστὰτων
581 3771 614 3782 -
637 3744 699 3798 Des.
712 3745 858 3811 στέφανον
871 3745 904 3798 ὃν
922 3744 1059 3811 ἡτοίμασε
1072 3746 1167 3810 κῦριος
1184 3749 1253 3799 πάσι
1273 3747 1332 3809 τοῖς

232 3841 320 3907 ἁγίοις
332 3843 435 3896 αὑτοῦ·
447 3842 551 3912 ῦπατίᾳ
563 3843 613 3908 μὲν
626 3843 856 3911 Διοκλητιανοῦ...
870 3845 951 3910 ἁμήν.

136 3961 197 4020 20.
219 3953 298 4038 (βοὶ.
316 3954 491 4038 inv-120.)
513 3957 700 4036 Μαρτύριον
721 3962 778 4035 τῆς
801 3958 891 4034 ἁγίας
907 3957 1106 4022 πανενδόξου
1138 3957 1331 4037 Κυριακῆς.

1212 4074 1277 4152 [lul.
1293 4074 1333 4153 7.]

263 4186 317 4241 Ιιια.
330 4187 396 4242 Κατ’
408 4186 531 4252 ἐκείνους
543 4189 611 4253 τοὺς
621 4189 736 4254 καιροὺς
755 4189 965 4253 βασιλευόντων
974 4194 1034 4242 τιῦν
1047 4189 1140 4242 ἀθέων
1153 4187 1198 4242 καὶ
1209 4189 1332 4254 παρανό-

231 4301 291 4351 μων
299 4287 506 4353 Διοκλητιανοῦ
516 4286 561 4341 καί
570 4288 744 4352 Μαξιμιανοθ
756 4316 789 4325 -
806 4288 868 4341 Des.
878 4289 930 4341 τὸν
942 4289 1043 4354 ἔχθραν
1057 4287 1102 4340 καὶ
1115 4286 1268 4341 ἀντίπαλον
1280 4291 1332 4340 τοῦ

232 4384 413 4452 ἀνθρωπίνου
426 4387 528 4451 γένους
538 4385 675 4452 ἀνδρείως
685 4387 937 4454 καταπατήσααα...
947 4388 1028 4453 ἁμήν.

137 4504 200 4563 21.
221 4498 472 4583 1101110-Ώὰ.)
487 4501 674 4582 Μαρτιίριον
696 4507 755 4566 τοῦ
772 4502 865 4578 ἁγίου
888 4502 1125 4581 Προκοπίου.

264 4614 317 4670 Ιοα.
331 4615 359 4671 Εί
370 4619 406 4670 τά
417 4619 522 4672 παλαιά
538 4622 589 4684 τῆς
609 4618 732 4681 πίστεως
745 4619 874 4684 δόγματα
896 4619 980 4671 δόξαν
1002 4619 1075 4671 θεοῦ
1097 4622 1279 4684 φανεροῦντα
1300 4645 1332 4655 -

236 4711 293 4768 θαι
304 4713 350 4769 καί
359 4714 521 4783 σφραγίσας
533 4717 637 4771 ἑαυτὸν
647 4715 796 4784 προτείνας
809 4718 861 4770 τόν
870 4718 1011 4784 τράχηλον
1021 4716 1193 4783 ἀπετμήθη...
1206 4717 1288 4784 ἁμήν.
