3284 5536
453 385 545 439 υιινι..
572 385 857 438 MT.1>An1s.-
885 386 963 437 con.
991 381 1066 436 τίω.
1307 365 1371 435 171

181 587 217 644 5.
239 577 331 660 (Pag.
354 575 638 660 51-54.)Ἀθλησις
663 575 697 639 ἐν
723 575 861 656 ἐπιτόμῳ
887 578 953 638 τῶν
979 575 1081 652 ἁγίων
1103 575 1275 652 μαρτύρων
1301 575 1375 637 Μα·

138 693 269 770 νουήλ,
291 693 393 770 Σαβὲλ
409 691 459 753 καὶ
470 689 608 769 Ἰσμαήλ.
1247 688 1314 752 Ιατι.
1330 689 1375 751 11.

308 800 363 854 Ine.
387 798 421 853 01
439 799 513 864 ἁγιοι
533 797 579 855 καί
599 799 708 852 ἔνδοξοι
730 798 870 863 μάρτυρες
890 800 943 850 τοῦ
963 796 1084 863 Χριστοῦ
1102 796 1240 862 Μανσυήλ
1261 823 1293 833 -
1314 797 1375 849 Des.

276 899 321 954 καί
333 900 406 966 πρός
416 898 470 966 τήν
482 898 643 964 μέλλουσαν
656 897 836 964 ἀπεδήμησεν
848 897 964 950 κόλασιν
976 895 1126 962 ἐνεργείᾳ...
1136 897 1216 962 ἁμήν.

184 1007 218 1066 6.
242 999 332 1082 (Pag.
347 997 484 1080 54141.)
500 998 574 1076 Βίας
595 997 646 1061 καὶ
666 998 807 1060 πολιτεία
821 999 881 1058 τοῦ
898 995 994 1060 ὁσίου
1010 997 1132 1073 πατρὸς
1155 996 1246 1073 ἡμων
1268 995 1374 1058 Ὑπα-

138 1117 225 1181 τίου
247 1119 307 1180 τοῦ
323 1116 357 1179 ἐν
368 1113 617 1192 Ῥουφινιαναῑς.
627 1139 662 1161 =
673 1111 709 1176 B.
1246 1110 1313 1174 Iun.
1329 1109 1375 1173 17.

184 1240 218 1297 7.
240 1231 330 1315 (Pag.
362 1230 519 1313 141-153.)
534 1228 682 1306 Ἀῦλησις
707 1231 773 1292 τῶν
803 1226 902 1304 ἁγίων
939 1229 988 1290 καὶ
1024 1227 1166 1292 ἐνδόξων
1202 1227 1374 1304 μαρτύρων

136 1349 333 1420 Λεοντίου,
355 1346 517 1419 Ύπατίου,
540 1344 729 1409 Θεοδοόλου
743 1345 793 1406 καὶ
808 1347 874 1406 τῶν
890 1345 953 1406 σὺν
968 1341 1083 1406 αὐτῶν.
1098 1341 1167 1405 =B
1183 1342 1208 1405 1.
1242 1342 1309 1405 lun.
1328 1342 1374 1405 18.

183 1472 216 1531 8.
238 1464 329 1547 (Pag.
345 1462 504 1544 153-154.)
519 1461 667 1539 Ἀθλησις
682 1461 716 1523 ἐν
728 1458 867 1541 ἐπιτόμῳ
883 1463 949 1522 ττῦν
961 1459 1062 1535 ἁγίων
1073 1459 1245 1536 μαρτύρων
1265 1458 1377 1521 Λεον-

137 1583 227 1646 τίου
251 1583 301 1643 καὶ
316 1584 383 1643 τῶν
398 1581 462 1642 σὺν
477 1578 575 1661 αὐτῷ.
1241 1574 1309 1638 Iun.
1328 1575 1375 1638 18.

309 1686 406 1742 1ιια.Ὀ
419 1688 498 1752 όγιος
509 1688 616 1753 μάρτυς
628 1685 759 1748 Λεόντιος
772 1684 859 1747 οῦτος
871 1684 906 1749 ἡν
918 1683 961 1736 ἐπί
978 1688 1031 1737 τοῦ
1050 1684 1185 1748 βασιλέως
1203 1682 1377 1736 Οὐεσπασια-

274 1792 377 1841 νοῦ-
396 1786 458 1840 Dos.
478 1786 509 1840 ἐν
530 1786 554 1852 ᾧ
574 1785 619 1840 καί
639 1784 928 1849 πανευπρεπέστατος
948 1783 1016 1846 ναός
1037 1787 1089 1836 τοῦ
1109 1781 1267 1848 μαρτυρίου
1289 1781 1377 1835 αὺτοῦ

275 1887 483 1954 ᾠκοδόμηται...
496 1886 577 1952 ἁμήν.

182 1991 216 2050 9.
239 1984 329 2068 (Pag.
346 1983 505 2065 154-157.)
521 1984 595 2063 Βίας
621 1985 670 2047 καί
684 1984 826 2047 πολιτεία
841 1984 875 2046 ἐν
892 1981 1031 2064 ἐπιτόμῳ
1057 1985 1116 2045 τοῦ
1136 1980 1232 2044 ὁσίου
1257 1981 1379 2056 πατρὸς

137 2103 235 2180 ἡμῶν
258 2100 427 2165 Ἀλεξίου.
1245 2096 1312 2160 lun.
1334 2096 1378 2160 18.

309 2207 364 2262 Ine.
377 2208 469 2272 Οὰτος
482 2207 707 2272 δόσιοςἈλέξιος
719 2207 754 2274 ἦν
766 2206 809 2261 ἐπί
817 2205 961 2273 Ἀρκαδίου
972 2204 1017 2258 καί
1026 2204 1157 2271 Ὁνορίαυ
1170 2209 1229 2257 τῶν
1242 2204 1379 2270 βασιλέων

276 2336 310 2346 -
321 2307 383 2361 Ιλαε.
396 2307 441 2360 καὶ
451 2312 541 2374 μῦρον
554 2307 659 2370 εὐῶδες
672 2306 710 2369 εἰς
723 2307 862 2371 ἁγιασμόν
870 2310 956 2359 πόσιν
968 2306 1154 2371 χορηγεῖται...
1166 2304 1247 2370 ἀμήν.

187 2414 243 2472 1ῦ.
268 2406 357 2488 (Pag.
386 2406 545 2487 157-158.)
577 2405 724 2483 Ἄθλησις
753 2406 786 2468 ἐν
819 2405 958 2487 ἐπιτόμῳ
991 2408 1056 2467 τῶν
1082 2402 1181 2480 ἁγίων
1207 2403 1379 2480 μαρτύρων

137 2522 243 2593 Ἰννά,
259 2520 366 2599 Ῥημό,
381 2520 464 2585 Πινὰ
478 2521 649 2585 παθόντων
665 2521 699 2584 ἐν
715 2521 834 2602 Γοτῦίᾳ.
1244 2517 1312 2581 lun.
1327 2517 1378 2580 20.

309 2638 363 2691 Ine.
376 2637 463 2692 Οότοτ
475 2637 502 2690 οί
514 2639 587 2702 άγιοτ
605 2638 635 2690 ἐκ
648 2640 699 2703 τῆς
712 2637 844 2703 ἀρκτὼου
862 2639 914 2702 γῆς
927 2640 987 2688 τιῦν
1000 2635 1150 2701 βαρβάρων
1162 2634 1334 2700 ὑπάρχοντες
1347 2664 1378 2672 -

276 2735 337 2788 Des.
349 2736 402 2801 τήν
411 2739 462 2802 τῆς
475 2736 656 2799 καταῦέσεως
668 2739 728 2788 τῶν
740 2736 884 2800 λειψάνων
896 2735 1069 2800 ἑορτάζομεν
1081 2733 1210 2800 ἑορτήν...
1222 2733 1302 2799 όμήν.

186 2842 242 2898 11.
266 2834 355 2916 (Pag.
387 2835 546 2915 158-159.)
574 2834 722 2912 Ἀῦλησις
755 2835 788 2896 ἐν
818 2834 956 2916 ἐπιτόμιμ
986 2837 1045 2897 τοῦ
1083 2832 1175 2909 ἁγίου
1210 2833 1373 2910 μάρτυρος

139 2949 337 3027 Ζωσίμου.
1245 2947 1312 3011 Iun.
1328 2948 1378 3012 20.

309 3058 363 3113 Ine.
375 3058 406 3112 Ὁ
424 3060 503 3124 άγιος
520 3059 627 3126 μάρτυς
640 3059 770 3124 Ζώσιμος
788 3059 822 3124 ἦν
841 3059 1018 3125 στρατιώτης
1031 3057 1074 3111 ἐπί
1085 3058 1227 3124 Τραϊανοῦ
1239 3061 1291 3109 τοῦ
1305 3059 1379 3121 βασι-

275 3157 346 3220 λέως
371 3185 404 3194 -
427 3157 489 3210 Des,
512 3157 542 3210 έν
565 3156 692 3224 ἐπισήμῳ
715 3157 795 3223 τόπῳ
816 3156 847 3209 ἐν
870 3156 893 3221 ᾧ
917 3155 963 3209 καί
995 3155 1079 3219 ίάσεις
1107 3155 1234 3221 γίνονται
1259 3154 1293 3207 οῦ
1319 3155 1379 3216 ταῖς

275 3254 459 3322 πρεσβείαις...
477 3256 558 3323 όμήν.

188 3359 243 3418 12.
265 3353 356 3436 (Pag.
384 3354 542 3437 159-160.)
559 3354 707 3433 Ἄθλησις
732 3355 766 3418 ἐν
788 3354 928 3436 ἐπιτόμῳ
955 3357 1014 3418 τοῦ
1038 3354 1133 3431 ἁγίου
1161 3356 1210 3416 καί
1240 3354 1376 3417 ἐνδόξου

141 3469 430 3547 μεγαλομὰρτυρος
451 3469 668 3534 Ἰουλιανοῡ.
1247 3469 1316 3532 lun.
1329 3469 1378 3531 ⁶21.

308 3584 364 3637 Ine.
378 3584 470 3648 Οῦτος
482 3587 498 3637 δ
512 3586 590 3651 άγτος
604 3587 711 3651 μάρτυς
721 3584 868 3647 Ἰουλιανός
880 3585 916 3651 ήν
925 3585 955 3637 ἐκ
968 3588 1018 3650 τῆς
1030 3583 1218 3650 Ἀναζαρβέων
1226 3584 1336 3647 πόλεως
1348 3612 1381 3622 -

276 3683 339 3737 Des.
349 3683 394 3737 καὶ
404 3686 588 3750 μεταθέμενοι
598 3685 670 3738 αὐτὰ
680 3685 709 3737 ἐν
718 3685 799 3751 τόπῳ
810 3685 936 3750 ἐπισήμῳ
950 3684 1055 3738 αίνεσιν
1064 3687 1106 3751 τῷ
1117 3684 1179 3749 θεῷ
1190 3684 1378 3750 ἀνέπεμψαν...

275 3783 294 3836 ό
333 3800 357 3835 ν.

188 3879 244 3937 13.
269 3782 359 3956 (gg.
376 3871 693 3955 160-174.)Ἄθλησις
710 3877 769 3936 τοῦ
782 3874 875 3949 ἁγίου
893 3872 1028 3937 ἐνδόξου
1042 3872 1207 3950 μάρτυρος
1229 3871 1380 3935 Ἰουλια-

138 3990 214 4052 νοῦ
237 3990 296 4050 τοῦ
310 3986 344 4050 ἐν
357 3987 471 4071 Κιλικίᾳ
486 3990 760 4066 μαρτυρήσαντος.
1250 3987 1318 4051 Iun.
1330 3988 1380 4051 11.

313 4103 369 4157 lnc.
387 4103 623 4169 Ἠγεμονειίοντος
641 4105 806 4171 Μαρκιανοῦ
819 4106 934 4168 λιγότου
953 4106 983 4157 ἐν
1001 4104 1155 4170 Ἀναζαρβῷ
1177 4107 1227 4170 τῆς
1246 4104 1381 4170 δευτέρας

278 4201 500 4257 Κιλίκων-Βόα.
510 4203 659 4271 ἐτελειώθη
671 4205 702 4257 δέ
710 4204 744 4257 τό
754 4204 911 4271 μαρτύριον
920 4207 972 4256 τοῦ
983 4202 1121 4270 μακαρίου
1133 4203 1177 4256 καὶ
1187 4204 1303 4256 ἐνδόξου
1315 4203 1381 4269 μάρ-

276 4316 365 4366 τυρος
375 4300 497 4368 Χριστοῦ
506 4300 665 4365 Ἰουλιανοῦ,
673 4301 738 4368 μηνί
747 4301 844 4369 ίουνίῳ
855 4302 942 4356 είκάδι
950 4303 1059 4370 πρώτη,
1066 4300 1104 4364 είς
1115 4300 1292 4367 οἰκοδομὴν...
1299 4300 1381 4367 ἀμήν,

189 4404 246 4462 14.
267 4399 358 4481 (Pag.
376 4399 534 4483 174-188.)
554 4400 621 4464 Τοῦ
638 4401 672 4464 ἐν
694 4400 794 4479 ἁγίοις
815 4403 937 4479 πατρὸς
959 4402 1049 4479 ἡμῶν
1070 4400 1220 4464 Ἰωάννου
1245 4401 1381 4479 ἀρχιεπι·

142 4514 275 4579 σκόπου
305 4515 676 4593 Κωνσταντινουπόλεως
703 4521 762 4580 τοῦ
792 4517 1030 4595 Χρυσοστόμου
1063 4517 1220 4593 ἐγκώμιον
1251 4517 1295 4592 εἰς
1324 4518 1380 4578 τόν

146 4629 243 4706 ἅγιον
256 4631 401 4710 μάρτυρα
423 4630 640 4698 Ἰουλιανόν.
653 4657 685 4676 =
700 4632 736 4696 B.
1247 4631 1313 4694 Iun.
1330 4631 1380 4694 ⁶21.

310 4746 375 4801 ffino
387 4747 515 4803 mutilum
527 4768 534 4802 τ
547 4749 619 4802 κατά
631 4749 798 4814 συγγένειαν
811 4749 947 4816 σαρκικήν
959 4750 976 4816 ή
987 4749 1162 4814 πνευματική
1174 4747 1347 4813 συγγένεια...
