3284 5536
200 348 1418 429 ffitmmmnmm-cfflmffinmmmmmfflmm

243 565 297 623 16.
320 557 400 639 (rot.
415 556 590 638 966d83'.)
605 556 679 632 Βίας
692 556 742 617 καὶ
753 553 895 617 πολιτεία
911 553 962 614 καὶ
974 550 1111 628 ἄσκησις
1126 554 1184 626 τῆς
1196 547 1292 624 ὁσίας
1316 547 1420 610 Μελό-

199 691 266 748 νης
287 675 343 748 τῆς
360 668 569 747 Ῥωμαίος.Ξ
584 667 620 731 Β.
761 672 762 676 ’

364 785 425 839 Des.
439 784 536 838 mutila
547 788 612 837 ente
624 799 651 836 n.
662 784 704 836 99.

669 1053 809 1103 corsn.
860 1027 961 1100 159.

233 1228 358 1282 Continet
370 1227 445 1280 initio
457 1226 523 1280 lolia
538 1227 592 1281 duo
610 1242 681 1280 saec.
693 1225 725 1291 X,
740 1225 840 1294 quibus
858 1241 926 1278 usus
942 1227 984 1277 est
994 1221 1178 1277 Tischendorl
1187 1221 1216 1274 In
1229 1220 1335 1274 edendo
1346 1219 1428 1273 Prote

202 1326 328 1394 stengelio
340 1325 431 1380 Iacobi
446 1349 478 1369 =
492 1325 595 1391 (Meris)
609 1325 632 1379 B
645 1327 667 1378 1.

671 1577 812 1626 corsi.
858 1551 963 1625 909.

236 1751 329 1805 Codex
341 1750 394 1814 ille,
407 1750 468 1803 inde
478 1766 494 1803 a
506 1750 551 1804 fol.
562 1750 595 1803 96
606 1750 775 1813 chartaceus,
787 1763 858 1802 saec.
870 1747 933 1801 XIII
945 1751 1081 1810 exaratus,
1092 1747 1214 1801 continet
1223 1746 1431 1800 commentarios

201 1849 229 1903 in
247 1850 331 1903 libros
348 1849 495 1903 nonnullos
512 1849 582 1903 Novi
594 1848 769 1903 Testamenti.
787 1847 844 1901 rol.
856 1846 890 1900 99
906 1847 1033 1914 leguntur
1044 1845 1203 1912 Ἀποδημίαι
1223 1847 1363 1899 Παύλου
1383 1849 1430 1898 τού

204 1948 368 2002 ἀποστόλου
377 1970 409 1992 =
420 1948 443 2002 B
455 1948 502 2002 99.

673 2169 813 2218 corsn.
859 2143 963 2218 909.

236 2290 308 2344 Olim
318 2291 499 2359 Seguerisnus
511 2292 551 2345 93.

235 2389 436 2453 Membrsneus,
448 2391 577 2445 loliorum
590 2391 647 2453 986,
663 2390 759 2453 93940
774 2398 798 2447 ><
813 2388 1004 2452 0⁰¹,150,lineis
1021 2389 1116 2456 plenis.
1134 2405 1205 2441 saec.
1220 2388 1257 2441 XI
1278 2388 1305 2454 (a
1321 2388 1367 2442 sol.
1377 2389 1433 2454 960)

203 2493 337 2543 exaratus.
352 2489 443 2543 Codex
456 2505 602 2553 canonum,
614 2488 642 2541 in
654 2505 708 2557 quo
719 2504 804 2542 unum
817 2488 914 2555 legitur
926 2487 1122 2540 documentum
1134 2486 1379 2555 hsgiogmphicum
1397 2507 1403 2539 :

244 2637 322 2717 (Fol.
337 2637 496 2719 mosot.)
511 2637 720 2714 Δωροθέου
743 2636 922 2699 ἐπισκόπου
934 2636 1043 2713 Τύρου
1060 2634 1193 2713 ἀρχαίου
1207 2634 1328 2713 ἀνδρὸς
1339 2656 1428 2699 πνευ-

204 2753 398 2831 ματοφόρου
416 2755 465 2815 καὶ
480 2753 642 2831 μάρτυρος
656 2753 841 2830 γεναμένου.
857 2798 890 2817 =
904 2750 1077 2834 (Apostoli)
1096 2750 1123 2814 B
1137 2750 1188 2814 Is.

673 3089 814 3138 corsn.
859 3063 964 3136 917.

239 3259 339 3324 Codex,
360 3275 431 3314 saec.
451 3259 512 3313 XIII
531 3263 667 3320 exaratus,
686 3259 874 3328 complectitur
895 3256 1107 3312 commentarios
1127 3256 1154 3309 ln
1174 3254 1244 3308 Novi
1268 3255 1434 3310 Testamenti

204 3355 289 3409 libros
301 3372 370 3424 quos
388 3355 465 3420 inter,
477 3356 523 3410 fol.
537 3357 621 3410 1819*
631 3377 637 3410 :
646 3356 808 3424 Ἀποδημίαι
820 3357 957 3411 Παύλου
975 3360 1026 3409 τού
1040 3353 1203 3408 ἀποστόλου
1212 3375 1245 3394 =
1256 3352 1279 3406 B
1290 3353 1338 3407 sb.

600 3677 739 3726 ουτοι.
785 3652 888 3740 999,
933 3651 1038 3726 959.

238 3846 330 3900 Codex
347 3847 404 3910 994,
421 3848 466 3916 qui
487 3852 528 3901 est
548 3848 666 3902 Actuum
684 3849 880 3916 Apostolorum
899 3852 925 3901 et
948 3847 1139 3915 Epistularum,
1157 3862 1227 3899 saec.
1245 3845 1282 3898 XI
1301 3850 1437 3909 exaratus,

206 3947 328 4000 continet
336 3951 477 4014 praeterea
487 3947 544 4013 (iol.
552 3947 635 4013 8’·ί9)
646 3947 778 4001 Dorothei
786 3947 857 4015 Tyrii
869 3947 903 4000 de
915 3947 964 3999 XII
976 3946 1114 4014 Apostolis
1124 3946 1166 4011 (=
1175 3945 1197 3998 B
1205 3945 1257 4007 Is),
1270 3945 1328 4009 (lol.
1343 3946 1437 4008 tsts')

206 4046 240 4099 de
252 4046 419 4114 Baptismste
430 4047 626 4114 apostolorum,
639 4046 695 4109 (lot.
708 4047 804 4109 liv-18)
822 4046 1005 4112 fragmentum
1022 4045 1057 4099 de
1076 4045 1102 4097 S.
1115 4044 1205 4107 Petro,
1225 4047 1254 4097 et
1270 4043 1328 4108 (fol.
1342 4045 1438 4110 1824')

206 4145 332 4199 libellum
344 4145 378 4199 de
390 4144 541 4213 Prophetis.

239 4307 332 4361 Codex
356 4307 413 4372 939,
437 4323 507 4361 saec.
527 4306 573 4372 XI,
595 4312 703 4375 praeter
723 4307 840 4361 ascetica
860 4306 936 4360 varie
957 4310 984 4359 et
1002 4306 1162 4372 γεροντικὰ,
1182 4304 1304 4359 contiuet
1322 4306 1379 4369 (sol.
1396 4306 1439 4367 27)

206 4421 263 4459 non
282 4405 392 4473 quidem
410 4404 552 4458 historiam
573 4405 774 4473 Assumptionis
785 4406 815 4459 B.
833 4405 872 4465 V..
888 4405 962 4473 quod
982 4402 1348 4467 existimavitttosrriucor,
1367 4405 1439 4457 Brut.

209 4505 389 4567 Cotslintonc,
407 4520 432 4571 p.
449 4504 506 4566 994,
523 4505 571 4556 sed
589 4505 771 4571 fragmentum
790 4505 824 4557 de
842 4503 995 4557 elevatione
1011 4503 1087 4570 penis
1104 4502 1132 4554 iu
1150 4502 1291 4555 honorem·
1306 4502 1440 4570 Deipsme

206 4602 269 4669 (inc.
281 4602 313 4656 Τί
325 4603 384 4656 ἐστι
399 4608 486 4655 τούτο
499 4605 532 4655 τό
547 4605 616 4668 μετὰ
627 4604 680 4670 τήν
692 4604 834 4671 ἑστίασιν),
847 4604 881 4656 de
898 4619 953 4672 quo
966 4602 1020 4655 ritu
1036 4601 1096 4668 Iege
1111 4600 1276 4668 Symeonem
1295 4601 1440 4656 Thessalo·

206 4701 355 4767 nicensem,
366 4703 398 4755 P.
408 4705 448 4769 (ι’,
462 4702 536 4767 CLV,
547 4704 598 4757 665
612 4719 683 4772 sqq.;
697 4703 781 4770 Gom,
795 4704 986 4770 Ειιολοὶορίοιι,
997 4702 1097 4756 set-es.
