3284 5536
297 333 322 403 6
557 354 649 406 οισι.
676 355 756 405 Nn.
784 356 897 407 ταυτα.
924 378 972 386 -
998 358 1100 408 com).
1128 355 1186 424 ιιι,
1215 355 1275 410 ιιο.

297 543 440 611 acephala,
458 544 520 596 dein
541 543 700 597 Ἀκολουθία
720 546 860 612 νοεμβρίιμ
880 546 918 609 είς
939 549 975 599 τὰ
993 548 1026 612 γ’,
1044 548 1082 610 είς
1104 550 1139 600 τὰ
1151 547 1275 611 ἐγκαίνια
1294 553 1345 600 τοῦ
1366 549 1530 600 πανσέπτου

298 647 369 695 ναοῦ
379 647 431 695 τοῦ
441 642 523 706 ἁγίου
535 644 785 710 μεγαλομὰρτυρος
798 645 937 711 Γεωργίου
947 646 976 698 ἐν
985 649 1044 709 τοῖς
1054 645 1173 709 Λυδίοις,
1183 651 1210 700 et
1219 653 1282 714 post
1291 647 1456 713 fragmenta:

344 816 373 870 1.
396 807 474 888 μοι.
489 807 630 888 61-117.)
646 808 814 891 [Miracula
827 810 859 872 s,
877 810 1028 891 Georgii]

462 927 491 985 α)
510 924 596 976 Breve
606 925 796 989 fragmentum.
814 957 841 966 -
850 928 876 989 ό)
889 926 961 992 Περί
972 930 1022 992 τῆς
1036 926 1173 990 ὀπτασίας
1185 931 1237 979 τοῦ
1251 928 1337 992 όρους
1351 931 1409 979 τῶν
1422 928 1532 979 ἐλαιῶν.

427 1049 460 1060 -
472 1024 497 1083 α)
510 1021 579 1086 Περί
591 1025 642 1087 τῆς
658 1023 745 1087 κόρης
763 1022 872 1074 καὶτοῦ
885 1024 1049 1088 δράκοντος.
1064 1052 1093 1060 -
1112 1026 1141 1086 d)
1154 1023 1272 1088 Ἕτερον
1292 1028 1384 1087 θαῦμα
1404 1023 1468 1088 περὶ
1479 1028 1531 1075 του

428 1120 569 1183 δαίμονος.
578 1149 611 1158 -
622 1123 649 1182 e)
661 1122 797 1187 Διήγησις
809 1121 872 1187 περὶ
884 1125 934 1187 τῆς
947 1127 999 1174 τοῦ
1012 1122 1094 1186 ἁγίου
1109 1125 1200 1188 ζώνης
1211 1124 1296 1185 λόγος
1310 1125 1337 1174 ε’.
1348 1151 1380 1159 -
1390 1126 1416 1187 f)
1429 1124 1533 1187 Διήγη-

428 1232 470 1281 σις
482 1219 545 1283 περὶ
562 1223 614 1271 τοῦ
628 1220 792 1284 παραδόξου
804 1221 947 1282 Θαὺματος
960 1224 1012 1272 τοῦ
1023 1219 1105 1283 ἁγίου
1119 1220 1163 1272 καί
1173 1222 1347 1272 πανενδόξου
1359 1223 1533 1286 μεγαλομοίρ-

427 1334 513 1383 τυρος
526 1317 667 1382 Γεωργίου
686 1322 737 1369 τοῦ
755 1318 820 1384 παρ’
842 1319 931 1370 αὐτοῦ
950 1321 1105 1382 γεγονότος
1124 1319 1161 1381 είς
1176 1319 1433 1383 αίχμαλωτισθέντα
1446 1322 1533 1371 παῖδα

428 1417 472 1469 καί
484 1417 549 1481 παρ’
566 1416 663 1469 ἐλπίδα
684 1418 868 1469 διασωθέντα.
887 1445 920 1455 -
932 1422 967 1483 ρ)
979 1417 1097 1482 ’Ἕτερον
1119 1421 1212 1482 θαῦμα
1231 1418 1275 1470 καὶ
1297 1420 1458 1483 παράδοξον
1479 1423 1532 1471 τοίι

427 1515 508 1578 ἁγίου
523 1517 773 1580 μεγαλομάρτυμος
786 1516 926 1581 Γεωργίου
940 1517 969 1568 ἐν
989 1518 1182 1579 Καππαδόκαις
1206 1518 1249 1569 ἐπὶ
1263 1518 1403 1581 βασιλείας
1421 1519 1532 1570 Θεοδω-

427 1614 499 1667 σίου.

338 1720 369 1777 2.
385 1712 463 1794 (Fol.
482 1713 654 1796 117-1722v.)
674 1713 859 1791 Μαρτύριον
878 1718 937 1777 τοῦ
957 1713 1049 1790 ἁγίου
1072 1717 1120 1776 καὶ
1143 1715 1278 1779 ἐνδόξου
1295 1716 1530 1793 μεγαλομάρτυ-

296 1849 357 1906 ρος
385 1830 587 1906 Γεωργίου,
614 1833 806 1907 συγγραφὲν
831 1831 918 1907 παρὰ
932 1831 1066 1907 Συμεὼν
1085 1832 1262 1908 μαγίστρου
1280 1834 1329 1894 καὶ
1351 1833 1528 1906 λογοθέτου

295 1948 356 2008 τοῡ
371 1945 518 2022 Δρόμου.
534 1977 572 1996 --
588 1944 654 2011 Β5.
670 1945 734 2008 fine
749 1945 908 2008 mutilum.

863 2242 967 2313 4545.

329 2435 402 2489 Olim
412 2441 507 2504 postea
520 2436 620 2503 Regius
630 2435 797 2500 Dccccxv,
812 2437 884 2498 1003,
895 2436 969 2489 3349.

329 2536 505 2593 Chartaceus.
527 2535 656 2588 foliorum
679 2535 734 2597 133,
753 2536 848 2599 0¹²,290
869 2544 893 2591 ><
916 2535 1019 2599 333110,
1040 2534 1119 2587 lineis
1140 2535 1234 2602 plenis,
1255 2541 1382 2588 exaratus
1403 2552 1419 2588 a
1440 2537 1530 2590 Const.

297 2636 492 2703 Palaeocappa,
504 2651 574 2688 saec.
586 2633 656 2688 XVI.
668 2635 745 2701 Quae
757 2634 833 2688 uncis
846 2634 950 2687 inclusa
962 2638 1027 2687 sunt
1039 2649 1123 2687 manu
1135 2651 1184 2687 sua
1196 2635 1331 2702 supplevit
1344 2634 1492 2701 Vergetius.

339 2793 369 2848 1.
392 2784 470 2867 (Fol.
495 2784 606 2865 1-641.)
628 2784 812 2860 Κλήμεντος,
838 2783 1017 2847 ἐπισκόπου
1044 2782 1177 2860 Ῥώμης,
1199 2786 1268 2861 περὶ
1290 2789 1356 2846 τῶν
1378 2786 1526 2861 πράξεων

294 2902 469 2978 ἐπιδημίων
480 2921 512 2963 τε
525 2903 575 2963 καὶ
591 2899 802 2977 κηρυγμάτων
814 2903 873 2962 τοῦ
885 2899 978 2975 ἁγίου
991 2901 1041 2962 καὶ
1057 2901 1241 2978 κορυφαίου
1254 2904 1320 2962 τῶν
1332 2900 1528 2963 ἀποστόλων

295 3014 444 3093 Πέτμου
475 3017 613 3091 ἐπιτομή,
637 3014 705 3096 ἐνῇ
722 3016 771 3076 καὶ
788 3014 806 3076 ό
822 3015 923 3078 αὐτοῦ
940 3016 1217 3092 συμπεμιείληπται
1236 3016 1312 3090 βίος,
1328 3016 1409 3091 πρὸς
1426 3015 1527 3076 ’ίάκω

296 3134 366 3208 βου,
382 3131 558 3193 ἐπίσκοπον
573 3130 815 3205 Ἱεροσολύμων.
835 3161 867 3179 =
886 3129 973 3192 Bssa.

338 3251 370 3309 2.
394 3244 625 3324 4101155413.)
641 3244 715 3319 Βίος
729 3245 778 3305 καὶ
790 3245 930 3306 πολιτεία
944 3247 1003 3305 τοὺ
1016 3242 1111 3305 ὁσίου
1128 3247 1249 3319 πατρὸς
1266 3246 1354 3319 ἡμων
1383 3245 1525 3321 Στεφά-

296 3381 364 3425 νου
395 3361 570 3443 [τοῦνέου
613 3361 662 3421 καὶ
688 3359 860 3434 μάρτυρος,
889 3359 927 3433 ὃς
952 3359 1171 3434 ἐμαρτύρησεν
1207 3359 1256 3418 ἐπὶ
1285 3357 1526 3421 Κωνσταντίνου

296 3480 356 3540 τοῦ
383 3476 614 3554 Κοπρωνύμου,
636 3478 693 3550 τῆς
714 3477 780 3535 τῶν
802 3472 901 3548 ἁγίων
924 3473 1058 3535 εἰκόνων
1079 3477 1169 3547 τιμῆς
1199 3473 1246 3532 καὶ
1268 3475 1527 3551 προσκυνήσεως

295 3592 424 3676 {vm}
462 3689 515 3743 lnc.
537 3690 619 3743 Θεῑόν
631 3705 657 3741 τι
669 3691 762 3754 λβῆμα
779 3690 796 3753 ἡ
811 3686 897 3752 ἀρετὴ
911 3685 954 3738 καί
966 3688 1080 3738 πολλῶν
1101 3684 1161 3739 ἀξία
1174 3689 1233 3737 τῶν
1251 3683 1398 3748 ἐγκωμίων
1416 3716 1447 3724 —
1468 3685 1529 3740 Des·

427 3793 518 3842 ταῦτα
530 3790 566 3841 τὰ
578 3789 714 3854 ἁσκητικὰ
731 3789 783 3839 τοῦ
797 3783 925 3849 ἀοιδίμου
937 3785 965 3837 Σ
977 3783 1156 3848 παλαίσματα
1174 3781 1214 3846 ολς
1227 3783 1261 3835 οὐ
1279 3783 1367 3847 μόνον
1377 3785 1447 3848 πρὸς
1461 3784 1526 3848 αἱμα

428 3887 474 3941 καί
486 3889 602 3953 σάρκα...
615 3887 697 3952 ἀμήν.

337 3994 369 4052 3.
392 3986 472 4068 (Fol.
495 3986 665 4068 113v-133.)
691 3986 765 4062 Βίος
784 3986 834 4047 καὶ
853 3983 993 4047 πολιτεία
1012 3986 1069 4059 τῆς
1088 3980 1181 4057 ὁσίας
1200 3980 1345 4058 Μαρίας
1365 3987 1421 4058 τῆς
1436 3983 1526 4058 Αἰγυ-

294 4103 604 4181 πτίας,συγγραφεὶς
617 4102 704 4180 παρὰ
716 4101 914 4180 Σοφρονίου,
930 4098 1179 4178 ἀρχιεπισκόπου
1196 4095 1437 4174 Ἱεροσολύμων.
1450 4132 1481 4150 =
1491 4100 1526 4162 B.

866 4398 967 4471 440.

328 4596 400 4650 Olim
411 4594 602 4658 Mazarinaeus‚
614 4599 710 4662 postea
723 4594 823 4662 Regius
834 4595 909 4647 31163.

329 4691 468 4745 foliorum
492 4694 546 4755 185,
566 4692 699 4756 omfflx
722 4692 826 4757 0²,190,
847 4693 925 4746 lineis
946 4691 1041 4760 plenis.
1062 4697 1190 4745 exaratus
1206 4708 1276 4744 saec.
1297 4691 1341 4744 λλ.
1362 4692 1425 4744 Post
1447 4693 1530 4747 libros
