3284 5536
199 348 273 422 248
509 370 600 421 αισι..
627 370 707 422 m.
734 370 847 422 Ριιιιιε.
867 389 912 400 -
941 370 1020 421 con.
1048 367 1123 421 ιιιτ.

244 565 298 623 10.
320 557 399 642 (Fol.
410 558 583 640 961-1031.)
600 559 787 638 Μαρτύριον
807 561 867 622 τοῦ
881 557 973 636 ἁγίου
990 558 1234 638 όσιομάρτυρος
1259 557 1425 636 Ἀνδρέου

199 677 259 738 τοῦ
275 674 310 738 ἐν
325 675 426 758 Κρίτῃ.
442 707 481 726 =
496 675 523 738 B
537 676 567 739 2.
1299 672 1369 738 Oet.
1384 672 1427 737 19.

244 797 299 854 17.
321 790 400 873 (Fol.
424 791 613 873 1031-1101.)
628 791 815 869 Μαρτύριον
835 793 896 855 τοῦ
920 788 1013 868 ἁγίου
1037 789 1193 869 Οὐάρου
1217 792 1269 854 καὶ
1290 794 1358 855 τῶν
1372 791 1429 854 σὺν

200 904 297 989 αὐτῷ.
316 937 350 958 =
367 905 394 969 Β
408 907 438 970 2.
1301 906 1371 972 Oct
1386 906 1430 972 19.

244 1027 300 1086 18.
322 1018 401 1103 (Fol.
426 1022 600 1105 111-1391.)
615 1021 802 1101 Ὑπόμνημα
817 1023 921 1101 ἢγουν
935 1022 1080 1101 ἐξέτασις
1094 1026 1154 1088 τοῦ
1172 1024 1354 1103 μαρτυρίου
1375 1026 1430 1088 τοῦ

201 1133 293 1212 ἁγίου
323 1137 373 1199 καί
402 1136 537 1202 ἐνδόξου
568 1136 852 1214 μεγαλομὰρτυρος
881 1138 932 1200 καί
960 1140 1213 1216 θαυματουργοῡ
1246 1136 1429 1216 Ἀρτεμίου

201 1250 356 1325 συλλεγέν
378 1248 442 1313 ἀπὸ
463 1255 521 1329 τῆς
545 1249 808 1328 ἐκκλησιαστικῆς
834 1249 979 1328 ἱστορίας
1000 1250 1238 1329 Φιλοστοργίου
1263 1252 1314 1314 καὶ
1330 1249 1431 1315 ἄλλων

200 1367 296 1428 τινῶν
309 1364 385 1444 παρ’
400 1364 549 1430 Ἰωάννου
567 1368 709 1443 μοναχοῦ
725 1384 759 1429 τε
774 1366 824 1428 καί
841 1364 1043 1444 ἁμαρτωλοῦ.
1059 1365 1131 1430 =B
1147 1366 1175 1430 1.
1300 1364 1372 1431 Οαί.
1386 1365 1432 1430 20.

246 1485 301 1544 19.
324 1479 404 1562 (Γοί.
422 1479 597 1563 140-1611.)
613 1480 689 1557 Βίας
700 1480 750 1543 καὶ
764 1481 905 1544 πολιτεία
919 1483 979 1545 τοῦ
994 1480 1090 1546 ὁσίου
1102 1481 1228 1559 πατρὸς
1241 1481 1335 1560 ἡμῶν
1356 1480 1432 1545 Ἱλα-

201 1594 351 1673 ρίωνος.
365 1639 399 1660 =
416 1594 533 1660 148012.
1299 1595 1372 1661 Οαί.
1386 1595 1432 1660 21.

243 1715 300 1774 20.
322 1709 401 1793 (Fol.
429 1709 617 1792 1611-1781.)
633 1709 707 1786 Βίος
729 1710 780 1772 καί
794 1710 938 1774 πολιτεία
953 1713 1012 1774 τοῦ
1028 1708 1063 1774 ἐν
1078 1709 1181 1788 ἁγίοις
1201 1711 1328 1790 πατρὸς
1348 1711 1435 1790 ἡμῶν

201 1822 388 1903 Ἀβερκίου
412 1824 591 1889 ἐπισκόπου
607 1823 944 1903 ἹεραπόλεωςτΒ2.
1298 1825 1371 1891 Oct.
1385 1825 1435 1890 22.

243 1945 300 2003 21.
323 1938 402 2022 (Fol.
419 1939 593 2022 179-1801.)
608 1939 795 2019 Ὑπόμνημα
810 1940 855 2018 είς
870 1941 928 2005 τὸν
943 1939 1035 2018 ἅγιον
1050 1938 1239 2006 ἀπόστολον
1261 1939 1437 2020 Ἰάκωβον

200 2054 259 2118 τὸν
274 2054 420 2134 ἀδελφὸν
433 2058 493 2119 τοῦ
509 2055 637 2134 Κυρίου.
652 2054 726 2119 =B
743 2055 769 2118 1.
1301 2055 1373 2121 Οαί.
1388 2055 1438 2120 23.

244 2173 301 2232 22.
322 2167 401 2250 (Fol.
419 2167 607 2251 1861-1931.)
620 2168 694 2245 Βίος
706 2169 756 2230 καὶ
767 2167 909 2231 πολιτεία
921 2168 970 2231 καὶ
982 2168 1157 2247 μαρτύριον
1168 2173 1226 2247 τῆς
1242 2167 1336 2247 ἁγίας
1348 2169 1438 2233 δσιο·

203 2282 366 2362 μάρτυρος
388 2283 637 2362 Ἀναστασίας
658 2288 714 2361 τῆς
726 2283 893 2362 Ῥωμαίας.
907 2326 940 2346 ..
952 2283 977 2347 Β
991 2283 1018 2347 1.
1299 2284 1371 2349 Oct.
1386 2284 1437 2349 28.

244 2403 301 2463 23.
324 2398 402 2481 (Fol.
421 2399 580 2481 194213.)
596 2399 783 2476 Μαρτύριον
804 2401 863 2461 τοῦ
887 2397 980 2474 ἁγίου
1002 2399 1287 2478 μεγαλομὰρτυρος
1309 2399 1436 2479 Ἀρέθα

203 2515 329 2577 καὶτῶν
344 2516 407 2578 σὺν
423 2513 510 2597 αὐτῷ
527 2512 740 2591 ἀθλησὰντων
762 2512 862 2589 ἁγίων
885 2514 1057 2592 μαρτύρων
1072 2516 1121 2577 καὶ
1135 2513 1263 2594 ἱστορία
1277 2519 1344 2579 τῶν
1359 2516 1440 2578 κατὰ

203 2628 312 2707 χώρας
326 2630 543 2708 πραχθέντων.
559 2671 592 2691 =
606 2627 632 2691 B
646 2628 676 2691 2.
1307 2629 1379 2695 Oct.
1391 2630 1440 2694 24.

244 2750 301 2808 24.
324 2743 403 2826 (Fol.
418 2743 594 2824 2132141.)
610 2743 797 2821 Μαρτύριον
811 2746 876 2806 τῶν
897 2741 997 2819 ἁγίων
1015 2744 1187 2822 μαρτύρων
1208 2743 1437 2821 Μαρκιανοῡ

208 2860 258 2923 καί
272 2859 461 2937 Μαρτυρίου
476 2863 542 2921 τῶν
554 2858 724 2936 νοταρίων.
738 2889 777 2909 =
792 2856 819 2920 B
836 2858 862 2920 ί.
1302 2859 1374 2924 Oct.
1390 2860 1442 2924 25.

245 2980 303 3039 25.
325 2973 404 3057 (Fol.
421 2973 597 3056 2141222.)
612 2973 799 3050 Μαρτύριον
814 2974 873 3035 τοῦ
896 2971 989 3048 ἁγίου
1005 2973 1291 3053 μεγαλομόιρτυρος
1313 2976 1442 3054 Δημη-

204 3090 321 3169 τρίου.
337 3124 369 3146 =
383 3089 410 3153 B
424 3089 454 3154 2.
1306 3088 1378 3154 Οαί.
1390 3091 1441 3155 26.

245 3211 302 3270 26.
324 3203 595 3286 (9012222241.)
612 3200 666 3264 Ἐκ
692 3206 758 3266 τῶν
780 3206 838 3266 τοῦ
864 3202 1057 3281 ἀθλοφόρου
1088 3203 1262 3281 θαυμάτων
1283 3208 1357 3284 περὶ
1385 3211 1442 3284 τῆς

206 3319 364 3398 ὀπτασίας
378 3323 437 3385 τοῡ
454 3320 671 3397 ίλλουστρίου.
685 3363 718 3382 =
732 3317 943 3400 (Demetrius)
958 3318 985 3381 B
999 3318 1029 3396 3,
1044 3337 1097 3382 xv.
1286 3321 1368 3399 [Oct.
1379 3322 1442 3399 211]

246 3442 304 3500 27.
326 3435 405 3520 (Fol.
434 3435 611 3515 2222401.)
641 3434 715 3510 Βίος
744 3434 793 3496 καὶ
815 3433 956 3497 πολιτεία
979 3436 1039 3497 τοῦ
1071 3433 1168 3497 όσίου
1197 3436 1322 3513 πατρὸς
1347 3435 1443 3513 ἡμῶν

203 3549 541 3630 Ἀβραμίου.;Β2.
1305 3548 1379 3615 Oet.
1392 3551 1443 3616 29.

246 3672 303 3730 28.
328 3665 406 3747 (Fol.
430 3664 618 3745 24012441.)
643 3663 829 3742 Μαρτύριον
853 3667 913 3728 τοῦ
939 3662 1032 3741 ἁγίου
1059 3663 1294 3743 ίερομὰρτυρος
1318 3665 1443 3745 Ζηνο·

206 3781 291 3859 βίου
315 3783 364 3844 καὶ
378 3780 548 3860 Ζηνοβίας.
563 3823 596 3842 =
610 3779 676 3842 Β2.
1307 3780 1380 3847 Οσί.
1392 3782 1443 3846 30.

246 3903 304 3961 29.
327 3896 365 3977 (F
366 3895 406 3960 ol.
430 3895 623 3975 24412451.)
642 3895 829 3973 Μαρτύριον
843 3897 902 3958 τοῦ
929 3895 1022 3971 ἁγίου
1044 3896 1094 3958 καὶ
1113 3895 1249 3960 ἐνδόξου
1274 3895 1441 3976 μάρτυρος

204 4010 417 4091 Ἐπιμὰχου.
435 4043 469 4063 =
487 4011 558 4076 Β2.
1305 4010 1378 4078 Oct.
1390 4013 1440 4079 31.

369 4127 433 4181 Des.
445 4127 532 4181 mutil.
544 4126 572 4180 in
584 4141 611 4179 n.
621 4126 646 4180 ό.

756 4325 890 4397 1547.

237 4514 310 4569 Olim
322 4513 463 4569 cuiusdam
477 4513 634 4566 monasterii
645 4513 672 4567 S.
677 4512 834 4578 salvatoris,
839 4517 934 4582 postea
942 4512 1136 4577 Ματατίααοαα,
1148 4513 1248 4570 deinde
1256 4515 1358 4585 Regius
1366 4518 1438 4573 21όὰ

237 4614 411 4678 chartaceus,
424 4612 553 4666 foliorum
566 4613 623 4676 250,
634 4613 728 4677 01240
740 4620 765 4671 ><
776 4614 880 4678 01182,
891 4613 961 4667 binis
971 4613 1115 4678 columnis,
1125 4613 1244 4683 scriptus
1255 4632 1300 4671 ια.
1311 4618 1382 4673 lm

238 4713 339 4776 Οιουτ,
351 4714 521 4766 Fac-similla
534 4716 579 4766 des
590 4715 755 4767 manuscrits
767 4714 850 4777 (ίαίίυ,
861 4713 897 4781 ρί.
909 4711 1002 4779 LXIV,
1015 4712 1062 4767 rol.
1075 4713 1130 4767 129.
