3284 5536
422 399 514 452 πιπι..
540 398 622 453 πιτ.
648 399 762 451 mus,
781 418 827 429 -
854 399 934 452 που.
961 396 1036 451 ιιυιι.
1277 377 1345 448 133

151 597 210 656 22.
232 591 313 676 (Fol.
327 590 474 674 86v-91'.)
487 590 555 655 Τοῦ
570 589 672 654 αὐτοῦ
688 589 844 667 ἐγκώμιον
860 589 904 667 εἰς
918 591 976 666 τήν
992 589 1152 666 σύλληψιν
1174 592 1231 666 τῆς
1253 586 1344 663 ἁγίας
1413 630 1418 640 ·

108 709 234 784 Αννης
256 712 313 784 τῆς
327 709 448 786 μητρός
461 711 520 785 τῆς
533 706 705 784 ὑπεραγίας
721 705 895 768 Θεοτόκου.
907 732 940 752 =
954 704 981 768 B
998 705 1025 767 1.
1223 703 1299 767 Dec.
1314 702 1344 766 9.

149 829 208 888 23.
232 821 311 904 (Fol.
327 822 446 904 92-97.)
460 822 527 886 Τοῦ
543 821 643 885 αὐτοῦ
658 821 703 898 είς
713 823 770 898 τήν
782 821 943 898 σύλληψιν
952 822 1001 883 καὶ
1016 820 1164 886 ἀπότεξιν
1181 825 1237 897 τῆς
1252 820 1345 897 ῦπερ-

105 941 201 1018 αγίας
225 938 422 1002 θεατόκου
444 940 585 1016 καὶπερὶ
608 941 667 1002 τοῦ
690 938 724 1001 ἐν
744 940 813 1014 ταῖς
828 936 984 1014 ἱστορίαις
999 941 1064 1000 τῶν
1087 937 1125 1015 ιβ’
1148 939 1264 1015 φυλῶν
1286 938 1345 999 τοῦ

107 1055 245 1133 Ἰσραήλ.
257 1054 328 1119 --Β
343 1055 371 1118 7.
1230 1051 1304 1115 Dec.
1316 1053 1346 1115 9.

151 1177 211 1235 24.
234 1170 492 1254 (F01.97-107v.)
515 1171 583 1234 Τοῦ
609 1168 852 1248 μακαριωτάτου
881 1169 1066 1247 Θεοφανίου
1090 1168 1340 1246 ἁρχιεπισκόπου

105 1286 302 1364 Καισαρείας
316 1287 474 1364 ἐγκώμιον
488 1286 533 1363 είς
547 1287 625 1362 τοὺς
641 1285 754 1362 ἁγίους
771 1284 1054 1362 μεγαλομὰρτυρας
1076 1284 1215 1362 Μηνᾶν,
1231 1284 1342 1362 Ἑρμο-

103 1403 207 1480 γένην
223 1403 274 1466 καὶ
290 1401 477 1479 Εὔγραφον.
1204 1399 1279 1463 Dec.
1298 1400 1345 1463 10.

276 1517 331 1572 Ine.
344 1518 536 1584 Μαρτυρικιῦν
549 1518 731 1584 διηγημάτων
743 1517 828 1570 οὐδὲν
840 1518 989 1582 ἡδῦτερον,
1001 1516 1046 1569 καί
1058 1520 1108 1582 τῆς
1121 1518 1226 1583 ἡδονῆς
1239 1515 1345 1583 ἐκείνης

242 1617 328 1671 οὐδὲν
339 1645 373 1655 -
385 1616 446 1670 Βοε.
456 1615 501 1670 καί
512 1621 572 1670 τῶν
582 1617 653 1682 πρὸς
667 1616 741 1669 Θεὸν
753 1617 834 1682 ἡμῶν
847 1613 986 1668 εὐκταίων
999 1616 1217 1681 συλλήπτορες...
1230 1616 1311 1682 ἁμήν.

148 1723 209 1782 25.
233 1715 314 1800 (Fol.
343 1716 517 1798 107v-111.)
542 1716 615 1793 Βίας
643 1715 677 1779 ἐν
707 1715 860 1798 συντόμῳ
887 1717 946 1777 τοῦ
977 1713 1073 1777 ὁσίου
1103 1715 1226 1793 πατρὸς
1252 1716 1342 1793 ἡμῶν

101 1833 234 1911 Δανιὴλ
246 1836 306 1897 τοῦ
320 1833 472 1897 στυλίτου
484 1834 543 1896 τοῦ
559 1832 593 1895 ἐν
608 1837 653 1912 τῷ
669 1830 815 1913 Ἀνάπλῳ.
1203 1830 1279 1894 Dec.
1297 1831 1345 1894 11.

275 1949 330 2001 Ine.
341 1947 373 2002 ‘0
391 1948 470 2012 όσιος
482 1947 576 2014 πατήρ
588 1948 670 2014 ἡμῶν
686 1947 906 2013 Δανιήλ...οῦτος
920 1945 954 2011 ἦν
967 1944 1010 1999 ἐπί
1028 1945 1148 2009 Λέοντος
1169 1975 1202 1984 -
1221 1946 1282 2000 Des.
1301 1945 1346 2000 καί
1456 1929 1458 1932 ’

242 2049 315 2114 ἡμᾶς
327 2047 394 2111 τοὺς
407 2047 594 2113 ἁμαρτωλοὺς
607 2045 809 2100 καταξίωσον...
824 2045 905 2111 ἀμήν.

150 2152 210 2211 26.
232 2144 313 2228 (Fol.
330 2144 504 2227 111-113v.)
529 2144 603 2222 Βίας
629 2145 793 2221 σύντομος
822 2146 882 2206 τοῦ
911 2144 945 2205 ἐν
974 2141 1075 2219 ἁγίοις
1102 2145 1225 2222 πατρὸς
1252 2145 1343 2222 ἡμῶν

102 2263 160 2325 καὶ
201 2263 451 2340 θαυματουργοῦ
494 2259 743 2338 Σπυρίδωνος
782 2258 962 2322 ἐπισκόπου
1005 2256 1245 2337 Τριμιθούντων
1285 2266 1343 2338 τῆς

105 2376 264 2456 Κυπρίων
278 2377 394 2454 νήσου.
1203 2375 1279 2441 Dec.
1297 2378 1344 2441 12.

276 2492 332 2546 lnc.
349 2491 380 2546 ‘0
400 2493 430 2546 ἐν
442 2490 532 2556 ἁγίοις
544 2492 623 2555 ὅσιος
635 2490 680 2543 καὶ
698 2493 918 2558 θαυματουργδς
934 2492 1054 2558 πατήρ...
1075 2493 1160 2556 οὕτος
1172 2493 1296 2560 ήκμασεν
1314 2493 1344 2546 ἐν

242 2594 302 2656 τοῖς
314 2593 427 2658 χρόνοις
442 2590 658 2646 Κωνσταντίνου
678 2619 711 2628 -
732 2591 793 2644 Des.
813 2594 953 2655 πθσιτοῑς
975 2590 1063 2657 ἁγίοις
1082 2593 1277 2659 συνηριθμήτη
1298 2592 1343 2647 καί

242 2692 308 2758 ἡμῖν
320 2692 336 2745 δ
350 2691 421 2755 Θεὸς
430 2693 491 2755 ταῖς
503 2692 593 2745 αὐτοῦ
604 2687 788 2757 πρεσβείαις...
802 2691 883 2757 ἁμήν.

148 2796 209 2855 27.
231 2790 311 2874 (rol.
328 2791 501 2873 113v-132.)
524 2791 598 2868 Βίος
622 2793 681 2854 τοῦ
702 2790 797 2854 ὁσίου
819 2791 942 2868 πατρὸς
961 2792 1051 2869 ἡμῶν
1073 2791 1199 2854 Λουκὰ
1222 2795 1281 2855 τοῦ
1309 2793 1343 2856 ἐν

101 2908 179 2982 τοῖς
191 2904 383 2983 Εὐτροπίοις
395 2904 557 2969 στυλίτου.
1201 2905 1277 2970 Dec.
1296 2906 1341 2970 11.

276 3019 331 3074 Ιπα.
341 3018 371 3073 Ἠ
385 3020 434 3085 μὲν
446 3020 580 3083 ὑπόθεσις
591 3021 663 3086 πρὸς
672 3020 707 3086 ἣν
720 3022 795 3087 δτής
805 3021 952 3087 παρούσης
962 3022 1129 3087 δμηγίιρεως
1139 3023 1343 3087 βλέπεισκοπός

240 3151 274 3160 -
283 3119 345 3173 Des.
357 3118 403 3172 καί
413 3120 507 3186 πόσης
518 3122 713 3186 περιστάσεως
726 3120 771 3174 καί
784 3125 935 3186 συμφορᾶς
952 3122 1024 3187 ἡμᾶς
1041 3121 1199 3187 ἐλευθερῶν
1214 3124 1265 3187 τής
1282 3124 1343 3186 μελ-

241 3219 293 3272 λοῦ
333 3234 372 3283 ς...
383 3220 421 3284 ἀμ
441 3237 465 3272 ν.

148 3323 208 3383 28.
230 3219 502 3401 (Βολίη13Β-ίόΒῆ)
528 3319 602 3396 Βίας
624 3321 673 3382 καὶ
688 3319 828 3382 πολιτεία
851 3321 900 3381 καὶ
916 3322 1024 3397 μερική
1047 3319 1220 3398 θαυμάτων
1236 3321 1342 3398 διήγη-

105 3450 163 3512 σις
178 3437 239 3499 τοῦ
250 3434 285 3498 ἐν
300 3435 404 3512 ἁγίοις
418 3435 540 3512 πατρὸς
562 3435 716 3512 ἡμῶνκαὶ
738 3439 987 3513 θαυματουργοῦ
1010 3437 1259 3514 Σπυρίδωνος
1280 3437 1343 3499 ἐπι-

106 3549 239 3615 σκόπου
254 3550 432 3627 γενομένου
445 3550 685 3629 Τριμιθοῦντων
696 3555 752 3628 τῆς
764 3550 905 3628 Κυπρίου
922 3552 1036 3628 νήσου.
1179 3551 1265 3630 [Dec.
1283 3551 1342 3631 12]

277 3666 331 3719 [nc.
343 3665 526 3732 Σπυρίδωνος
539 3671 591 3719 τοθ
605 3665 756 3720 θεσπεσίου
769 3668 821 3736 τόν
832 3668 1031 3732 πολυέραστον
1043 3666 1088 3719 καὶ
1101 3670 1342 3733 πολυθαίιμαστον

188 3786 194 3795 ·
241 3793 274 3802 -
285 3764 348 3818 Dm.
360 3764 406 3818 καί
417 3770 486 3819 πᾶσι
498 3768 556 3828 τοῖς
568 3767 639 3832 πρός
653 3766 741 3819 αὐτὸν
753 3767 992 3831 καταφεῦγουσι...
1006 3767 1087 3832 ἀμήν.

148 3869 209 3928 29.
230 3863 492 3946 1901150-1601.)
508 3865 694 3942 Μαρτῦριον
706 3869 764 3928 τοῦ
781 3864 873 3940 ἁγίου
887 3866 936 3926 καὶ
951 3867 1165 3943 πανευφήμου
1179 3866 1343 3944 μάρτυρος

103 3981 350 4058 Εὐστρατίου
374 3981 424 4044 καί
448 3985 505 4059 τῆς
520 3981 677 4057 συνοδίας
699 3981 800 4044 αὐτοῦ
824 3981 1003 4052 Αῦξεντίου,
1025 3982 1189 4057 Εὐγενίου,
1212 3982 1342 4061 Μαρδα-

103 4093 524 4174 ρίουκαὶὈρὲστουεΒ.
1203 4095 1277 4160 Dec.
1295 4096 1342 4160 13.

275 4210 337 4264 Des.
349 4210 437 4265 mufil.
448 4211 475 4264 αἱ
485 4212 540 4277 γὰρ
553 4209 709 4276 σωματικαὶ
721 4210 850 4276 τιμωρίαι
863 4211 1039 4277 εῦφροσῦναι
1051 4210 1102 4264 είσὶ
1114 4214 1172 4274 τοῖς
1194 4214 1270 4266 δοῦ...

148 4316 209 4374 30.
231 4308 267 4390 (F
269 4307 310 4372 ol.
328 4309 409 4391 161.)
422 4309 580 4388 [Ἀθλησις
596 4314 651 4387 τῆς
667 4308 759 4386 ἁγίας
781 4311 829 4372 καὶ
845 4310 979 4374 ἐνδόξου
997 4311 1045 4370 καὶ
1063 4311 1241 4372 καλλινίκου
1266 4311 1341 4387 μὰρ-

103 4427 282 4503 τυροςτοῦ
303 4423 335 4487 Κ
363 4424 528 4502 Λουκίας
548 4431 605 4503 τῆς
620 4426 805 4503 παρθένου]
822 4457 858 4475 =
875 4425 910 4488 Β.
1180 4424 1265 4503 [Dec.
1286 4427 1341 4504 l3.]

274 4539 347 4594 λλοίε
359 4544 468 4595 tantum
479 4541 616 4596 Passionis
627 4547 759 4609 superest.

151 4645 212 4704 31.
233 4637 642 4722 (νοι.161·166.γ”Αοιησις
663 4644 728 4703 τῶν
744 4641 844 4715 ἁγίων
868 4642 916 4701 καί
935 4639 1075 4703 ἐνδόξων
1091 4643 1149 4702 τοῦ
1174 4639 1205 4701 Χ.
1222 4640 1340 4716 μαρτύ-

109 4774 181 4833 ρων
203 4752 427 4832 Φιλήμονος,
449 4753 663 4819 Ἀπολλωνίου
680 4756 729 4818 καί
740 4760 798 4834 τῆς
814 4755 969 4831 συνοδίας
985 4753 1183 4818 αὐτῶν.--Β.
1207 4730 1281 4817 Dec.
1294 4755 1338 4817 14.
