3284 5536
519 358 609 410 ιιιειι.
638 358 718 409 mo.
746 359 859 409 mms.
887 379 933 388 —
959 359 1038 409 ooo.
1064 357 1123 408 τοι.
1390 337 1437 408 ‘29

232 546 348 602 infolio
371 550 470 612 ίόίδίε,
492 549 569 604 ouius
591 549 685 603 relicta
703 553 745 603 est
766 565 814 602 ora
833 549 956 616 superior
973 548 1167 611 tantumhaec
1183 549 1283 617 scripta
1294 550 1439 616 leguntur:

203 643 312 711 Βιβλίον
324 651 377 699 τοῦ
390 646 473 711 ἁγίου
487 645 653 714 Δημητρίου
675 651 727 699 τοῦ
740 647 770 700 ἐν
782 651 824 713 τῷ
838 647 997 713 Μετεώριμ·
1010 645 1055 699 καί
1073 646 1096 700 εί
1108 647 1162 712 όρη
1175 646 1253 700 αιίτω
1271 648 1346 700 ἔστω
1360 649 1438 714 ἀφω-

202 745 332 811 ρισμένος
349 747 429 812 παρὰ
452 747 527 801 Θεοῦ
548 747 789 811 παντοκράτορος.
816 745 940 799 Exterior
960 745 1089 799 soliorum
1110 745 1310 812 coagmentatio
1331 746 1438 800 titulum

200 844 320 912 praefert
338 846 550 912 Πανηγυρικόν,

234 945 300 998 Inde
311 962 330 998 a
340 944 388 998 iol.
405 945 450 1000 δί’
462 946 553 1014 incipit
570 945 654 998 series
674 945 850 998 homiliarum
862 945 896 997 de
909 949 1039 1012 tempore,
1051 961 1119 1013 quas
1128 944 1306 1013 negleximus,
1319 945 1439 1012 exceptis

199 1060 271 1112 quae
280 1044 353 1098 infra
363 1047 477 1098 notatae
487 1049 551 1099 sunt
564 1046 601 1106 18,
615 1045 653 1096 19.

245 1183 275 1238 1.
298 1173 381 1257 (Fol.
401 1175 489 1253 δί’.)
505 1176 571 1239 Τοῦ
588 1176 622 1239 ἐν
637 1174 738 1254 ἁγίοις
753 1177 878 1254 πατρὸς
900 1176 991 1253 ἡμιῦν
1010 1174 1169 1249 Ἰωάννου,
1186 1175 1437 1254 ἀρχιεπισκόπου

200 1288 585 1367 Κωνσταντινουπόλεως,
618 1291 678 1352 τοῦ
709 1288 950 1367 Κρυσοστόμου
978 1289 1076 1365 λόγος
1105 1289 1148 1365 εἰς
1176 1291 1234 1366 τήν
1258 1288 1358 1366 ἀρχὴν
1380 1293 1439 1364 τῆς

203 1405 384 1468 ίνδίκτου.
1275 1404 1379 1488 [Sept.
1398 1405 1438 1488 1.]

372 1503 419 1557 Ed.
432 1505 461 1557 P.
473 1508 514 1567 G„
528 1503 593 1567 LIX,
605 1505 720 1558 673674.

244 1606 278 1663 2.
303 1599 384 1682 (Καί.
397 1601 612 1681 ⁶2v-10v.)Biog
627 1603 677 1664 καί
688 1601 828 1664 πολιτεία
842 1604 902 1664 τοῦ
916 1600 1013 1665 ὁσίου
1031 1601 1154 1679 πατρὸς
1174 1602 1264 1678 ἡμῶν
1286 1603 1440 1678 Συμεὼν

204 1719 265 1778 τοῦ
282 1716 444 1780 στυλίτου.
1304 1716 1394 1798 Sept.
1415 1718 1438 1778 ί.

369 1824 426 1878 ίτιο.
439 1825 529 1878 Ξένον
542 1825 587 1879 καί
597 1827 759 1892 παράδοξον
773 1826 930 1892 μυστήριον
940 1826 1052 1890 ἐγένετο
1067 1827 1097 1878 έν
1110 1828 1171 1890 ταῖς
1186 1827 1301 1892 ἡμέραις
1314 1828 1393 1892 ἡμῶν
1407 1854 1437 1861 -

335 1914 398 1968 Des.
411 1916 511 1970 πολλαί
520 1918 551 1970 δέ
563 1917 651 1980 ίόισεις
661 1919 855 1970 ἐπιτελοῦνται
867 1918 896 1970 ἐν
909 1922 950 1984 τῷ
963 1918 1043 1982 τόπῳ
1061 1918 1129 1970 ἔνθα
1143 1918 1330 1971 ἀπόκεινται...
1340 1918 1437 1970 ἐτελει-

333 2007 555 2076 ααηιι...ιιμιμ.

249 2103 283 2161 3.
305 2096 343 2177 (F
344 2096 384 2161 ol.
403 2098 534 2182 10v-14.)
548 2099 615 2162 Τοῦ
635 2100 669 2162 έν
685 2099 786 2177 ἁγίοις
801 2100 923 2177 πατρὸς
939 2101 1029 2176 ἡμῶν
1045 2100 1222 2173 Βασιλείου,
1239 2100 1438 2178 ἀρχιεπισκό-

205 2233 268 2275 που
298 2212 487 2292 Καισαρείας
513 2214 736 2290 Καππαδοκίας
764 2218 823 2278 τοῦ
848 2215 996 2291 μεγάλου,
1020 2216 1176 2293 ἐγκώμιον
1200 2216 1244 2292 είς
1270 2216 1327 2279 τόν
1349 2215 1438 2292 ἅγιον

210 2327 357 2405 μάρτυρα
386 2328 574 2407 Μάμαντα.
591 2330 703 2394 :Bit
1275 2330 1379 2413 [Sept.
1395 2331 1438 2412 2]

247 2451 281 2507 4.
305 2444 385 2526 (Καί.
416 2445 667 2525 14-16.λΚοσμοῑ
693 2447 886 2524 Βεστίτορος
912 2447 1010 2523 λόγος
1040 2448 1288 2524 έγκωμιαστικός
1314 2448 1358 2524 είς
1382 2448 1439 2510 τόν

212 2562 384 2639 προφήτην
399 2564 449 2625 καί
464 2562 610 2640 ἀρχιερέα
635 2556 835 2641 Ζαχαρίαν.
1275 2563 1378 2646 [Sept.
1394 2563 1439 2646 5.]

374 2669 428 2722 ino.
446 2670 549 2724 Μύστα
560 2675 620 2723 τῶν
632 2671 767 2737 ἀρρήτων
780 2671 1015 2738 ἱερουργημάτων
1033 2671 1158 2737 Ζαχαρία
1170 2670 1215 2724 καί
1226 2672 1317 2724 πόλιν.
1334 2701 1366 2708 -
1379 2672 1439 2724 Des.

341 2761 435 2826 κῦριος
445 2760 576 2828 μνησθείς
589 2764 669 2826 ὑμῶν
678 2760 832 2828 ειίλόγησεν
844 2764 915 2826 ὑμᾶς
929 2762 973 2815 καί
984 2761 1027 2816 έπί
1039 2764 1091 2815 τόν
1103 2762 1190 2815 υίόν...
1203 2763 1283 2829 ἀμήν.

246 2866 279 2923 5.
301 2858 381 2941 (ίόί.
396 2859 930 2942 ίό-ῦῦ.)Σισινίου,ἀρχιεπισκόπου
944 2861 1325 2938 Κωνσταντινουπόλεως,
1337 2861 1436 2939 λόγος

208 2973 251 3050 είς
261 2975 298 3036 τό
311 2973 345 3037 ἐν
356 2973 480 3052 Χώναις
493 2979 599 3053 θαῦμα
609 2979 668 3039 τσῦ
682 2975 938 3054 ἀρχιστρατήγου
962 2977 1116 3055 Μιχαήλ.
1180 2976 1205 3039 Β
1217 2977 1245 3040 2.
1279 2976 1383 3059 [Sept.
1395 2977 1440 3059 6.Ι

251 3095 284 3152 6.
305 3089 386 3171 (Fol.
403 3090 537 3178 ῦῦ-ξὶῦί.)
549 3091 616 3154 Τοῦ
630 3092 663 3155 ἐν
679 3093 781 3168 ἁγίοις
792 3093 914 3169 πατρὸς
929 3094 1019 3170 ἡμῶν
1035 3092 1182 3156 Ἰωάννου
1197 3097 1256 3156 τοῦ
1267 3093 1441 3170 Δαμασκη·

209 3208 267 3267 νοῦ
281 3206 380 3282 λόγος
395 3207 440 3282 εἰς
455 3208 492 3268 τό
509 3208 656 3281 γενέσιον
671 3213 728 3284 τής
744 3208 917 3284 ῦπεραγίας
932 3209 1105 3286 δεσποίνης
1120 3209 1210 3286 ἡμῶν
1237 3209 1440 3272 Θεοτόκου.

211 3320 342 3385 2814.
448 3385 450 3389 ,
1276 3324 1380 3407 [Sept.
1396 3326 1440 3407 8.]

250 3443 282 3500 7.
307 3437 387 3521 (nol.
417 3437 566 3517 n8v-3nv.)
591 3438 729 3516 Λέοντος
759 3440 793 3502 ἐν
822 3439 948 3522 Χριστῷ
976 3443 1097 3516 βασιλεῖ
1123 3440 1241 3522 αἰωνίῳ
1273 3441 1440 3517 βασιλέως,

210 3552 306 3631 λόγος
317 3555 363 3632 εἰς
374 3556 432 3631 τήν
444 3554 478 3617 ἐκ
491 3558 702 3632 στεφωτικιῦν
715 3555 865 3630 λαγόνων
878 3556 1069 3632 ἁνθήσασαν
1081 3555 1266 3633 ἀνθρώποις
1278 3557 1441 3634 σωτήριον

210 3670 308 3745 γονήν
323 3670 380 3746 τήν
395 3669 605 3746 ἀειττάρθενον
620 3673 679 3732 τοῦ
698 3670 783 3732 Θεοῦ
800 3671 929 3747 μητέρα.
944 3695 976 3713 =
993 3670 1018 3732 B
1033 3670 1078 3733 17.
1275 3670 1379 3753 [Sept.
1395 3672 1441 3753 8.l

251 3791 283 3849 8.
307 3784 387 3866 (Fol.
414 3785 548 3866 nov-37.)
569 3785 636 3848 Τοῦ
663 3785 819 3863 μακαρίου
845 3785 1007 3863 Ἀνδρέου,
1033 3784 1283 3863 ἀρχιεπισκόπου
1311 3770 1441 3863 Κρήτης,

211 3898 306 3975 λόγος
321 3899 366 3975 είς
379 3901 417 3961 τό
433 3900 581 3974 γενέσιον
595 3903 652 3976 τῆς
671 3900 826 3977 παναγίας
842 3902 891 3962 καὶ
913 3900 1210 3978 ῦπερευλογημένης
1237 3901 1441 3965 Θεοτόκου.

211 4044 242 4065 ·-=
257 4013 323 4079 139.
1277 4017 1380 4100 [Sept.
1396 4019 1441 4102 8.]

251 4137 283 4196 9.
306 4130 385 4208 (Fol.
412 4129 546 4214 mov.)
572 4131 646 4208 Βίας
668 4132 717 4194 καὶ
739 4133 880 4196 πολιτεία
905 4136 962 4210 τῆς
984 4132 1077 4209 ὁσίας
1103 4133 1308 4212 Θεοδώρας
1332 4139 1389 4212 τῆς
1409 4136 1442 4198 ἐν

221 4244 439 4328 Αλεξανδρείᾳ.
454 4271 487 4291 =
501 4244 568 4308 Be.
1290 4247 1378 4330 Sept.
1396 4249 1443 4312 11.

255 4369 309 4426 10.
332 4359 412 4445 (nol.
437 4360 587 4444 wem.)
612 4359 776 4439 Ἀνδρέου,
800 4362 1052 4441 ἀρχιεπισιιόπου
1079 4364 1200 4442 Κρήτης
1225 4367 1284 4428 τοῦ
1309 4364 1444 4443 Ἱεροσο-

213 4478 353 4554 λυμίπου,
390 4477 434 4554 είς
468 4479 527 4554 τήν
562 4478 764 4555 πανκόσμιον
800 4476 934 4556 ῦψωσιν
969 4482 1028 4542 τοῦ
1061 4481 1163 4557 τιμίου
1195 4482 1244 4542 καί
1280 4484 1443 4544 Ζωαποιοῦ

214 4595 396 4670 σταυροῦ.
412 4627 444 4646 --
462 4591 520 4656 136
531 4593 553 4656 ⁶.
1257 4594 1363 4678 [Sept.
1381 4597 1443 4678 15.]

260 4715 314 4771 11.
343 4707 421 4788 (Fol.
437 4708 570 4792 52v-5o.)
584 4709 651 4773 Τοῦ
668 4710 702 4774 ἐν
717 4709 819 4788 ἁγίοις
832 4713 954 4789 πατρὸς
968 4714 1059 4790 ήμιῦν
1074 4710 1232 4786 Ἰωάννου,
1248 4693 1445 4790 ἀρχιεπισιιό·
