3284 5536
206 366 276 439 100
501 386 593 438 κιαι.
619 386 700 438 nn.
727 386 841 438 Ριιιιε.
860 407 908 417 -
934 386 1037 439 cono.
1065 383 1140 438 ιτα.

243 582 276 641 9.
298 575 377 657 (Γοί.
401 575 573 657 173v-176.)
600 575 738 652 Λέοντος
767 575 801 639 ἐν
827 575 952 659 Χριστῷ
983 579 1107 654 βασιλεῖ
1133 578 1254 660 αἰωνίῳ
1278 581 1440 657 βασιλέως

201 691 304 769 ὁμιλία
326 691 380 756 ὅτε
404 697 450 774 τῷ
478 691 611 773 ἀοιδίμῳ
627 696 684 769 τῆς
700 691 865 770 εὐσεβείας
880 692 1043 775 ἀγωνιστῇ
1067 693 1173 756 καὶτὰ
1194 693 1332 771 οῦράνια
1354 716 1440 774 περι-

200 811 354 872 πολοῦντι
369 807 531 886 ἀνάκτορα
551 808 771 886 Δημήτριον
793 802 917 884 όοίκος
935 809 968 871 έν
987 811 1056 885 τοῖς
1072 810 1244 886 βασιλείοις
1267 809 1439 888 ἀνιερώθη.

1304 925 1375 989 Oct.
1392 926 1443 989 26.

365 1037 501 1105 λιταἚφη
515 1040 531 1090 ό
544 1039 685 1105 σωτήριος
697 1040 782 1103 λόγος
794 1041 853 1102 τοῖς
865 1040 892 1093 ἐξ
905 1040 974 1105 όλης
991 1043 1083 1105 ψυχῆς
1097 1071 1126 1078 -
1140 1040 1203 1093 Des.
1221 1040 1256 1092 τό
1269 1040 1443 1106 έπουριίνιόν

333 1151 387 1191 σου
397 1137 603 1204 θυσιαστήριον
615 1138 661 1191 διὰ
673 1138 818 1202 σπλάγχνα
828 1138 948 1200 ἐλέους...
962 1138 1043 1204 ἀμήν.

246 1245 301 1302 10.
323 1237 608 1320 (F01.176v-260v.)
633 1236 772 1313 Λέοντος
787 1236 820 1300 ἐν
841 1236 966 1319 Χριστῷ
989 1241 1111 1315 βασιλεῖ
1133 1239 1254 1322 αἰωνίῳ
1278 1242 1443 1317 βασιλέως

202 1353 301 1431 λόγος
324 1353 574 1431 ἐγκωμιαστικὸς
589 1354 634 1429 εἰς
647 1354 705 1416 τὸν
727 1353 825 1430 μέγαν
840 1356 899 1415 τοῦ
924 1351 1009 1415 Θεοῦ
1025 1352 1172 1431 ἀρχιερέα
1187 1356 1237 1417 καὶ
1255 1357 1367 1418 κοινὸν
1383 1361 1442 1433 τῆς

203 1469 393 1546 οἰκουμένης
408 1470 515 1546 λιμένα
537 1467 711 1544 Ἰωάννην
733 1469 790 1530 τὸν
804 1467 1051 1545 Χρυσόστομον.
1068 1497 1100 1519 =
1115 1468 1141 1531 B
1160 1470 1206 1533 10.
1292 1469 1376 1533 Νον.
1394 1470 1440 1534 13.

246 1608 300 1664 11.
323 1600 402 1684 (Fol.
428 1600 590 1677 261-270.)
617 1600 756 1676 Λέοντος
779 1599 813 1661 ἐν
835 1599 961 1683 Χριστῷ
986 1603 1108 1678 βασιλεῖ
1133 1602 1253 1684 αἰωνίῳ
1278 1604 1441 1680 βασιλέως

202 1717 301 1794 λόγος
316 1717 361 1795 εἰς
376 1719 433 1794 τήν
448 1716 483 1779 ἐκ
499 1719 714 1794 στειρωτικῷν
726 1715 874 1791 λαγόνων
895 1717 1146 1795 προσαγομένην
1161 1718 1206 1794 εἰς
1228 1718 1267 1780 τὰ
1283 1717 1357 1794 ἅγια
1373 1723 1441 1782 τιῦν

202 1830 302 1907 ἁγίων
316 1834 415 1910 γονὴν
429 1833 487 1908 τὴν
503 1831 711 1909 ἀειπάρθενον
727 1834 785 1894 τοῦ
802 1829 887 1893 Θεοῦ
910 1831 1038 1908 μητέρα.
1291 1832 1373 1896 Νον.
1390 1834 1440 1896 ΘΙ.

368 1947 455 2002 Εά.Ρ.
466 1951 507 2011 G„
522 1945 600 2010 CVII,
614 1946 694 2000 1221.

247 2067 302 2126 12.
324 2061 403 2147 (1²01.
419 2062 594 2143 mov-295.)
618 2062 757 2137 Λέοντος
783 2061 817 2123 ἐν
839 2060 964 2143 Χριστῷ
986 2064 1107 2140 βασιλεῖ
1129 2063 1250 2146 αἰωνίῳ
1276 2067 1440 2143 βασιλέως

201 2178 300 2256 λόγος
311 2178 355 2256 είς
370 2180 427 2242 τὸν
442 2179 476 2242 ἐν
491 2178 672 2256 ἀρχιερεῦσι
688 2176 773 2240 Θεοῦ
799 2177 992 2255 περιβόητον
1008 2179 1130 2255 καὶτῆς
1155 2178 1327 2256 ἐκκλησίας
1348 2201 1440 2258 φαει-

200 2293 337 2358 νότατον
352 2296 519 2373 λαμπτῆρα
542 2292 738 2356 Νικόλαον.
757 2290 871 2355 =B9.
1318 2295 1395 2359 Dec.
1409 2297 1440 2360 6.

245 2433 299 2492 13.
321 2425 401 2507 (Pol.
423 2425 583 2507 314-331.)
604 2425 742 2501 Λέοντος
764 2425 798 2487 έν
823 2423 949 2506 Χριστῷ
974 2427 1094 2501 βασιλεῖ
1123 2426 1243 2507 αἰωνίῳ
1271 2430 1436 2506 βασιλέως

200 2542 299 2619 λόγος
312 2542 357 2619 εἰς
367 2542 425 2605 τόν
439 2541 578 2618 πρώτως
593 2540 680 2622 αὐτῷ
697 2540 731 2602 έκ
756 2542 815 2602 τοῦ
840 2538 1039 2616 παραδείσου
1061 2543 1119 2616 τῆς
1133 2539 1303 2618 ἐκκλησίας
1317 2559 1438 2620 προσε·

199 2658 350 2736 νεχθὲντα
364 2657 510 2736 ἔμψυχον
531 2657 741 2733 Στέφανον.
1294 2656 1371 2722 Dec.
1386 2659 1438 2722 26.

364 2775 418 2828 Ine.
431 2775 523 2839 Νόμος
544 2775 655 2827 ἀνωθεν
676 2771 826 2838 ἀθλητικός
847 2771 883 2836 μή
905 2771 993 2835 μόνον
1014 2798 1045 2808 -
1067 2772 1127 2826 Des.
1140 2774 1232 2827 δεῖξον
1249 2774 1329 2840 αὐτῷ
1351 2777 1388 2828 τὰ
1401 2777 1440 2828 σὰ

333 2875 489 2941 τραύματα,
502 2873 667 2939 ἀνάμνησον
679 2876 738 2924 τῷν
751 2869 863 2924 οἰκείων
874 2870 997 2923 πόνων...
1010 2870 1091 2936 ἀμήν.

245 2997 299 3052 14.
322 2989 400 3071 (Fol.
416 2988 591 3069 336v-368.)
619 2987 724 3064 Λόγος
739 2986 877 3062 Λέοντος
900 2985 937 3062 ὃς
951 2985 1008 3062 τὰς
1021 2989 1081 3048 τοῦ
1096 2989 1220 3064 πατρὸς
1235 2991 1340 3066 δεξιᾶς
1354 2991 1434 3069 ἔχει·

201 3104 248 3167 ἀεὶ
260 3105 444 3183 κρατούσης
459 3104 565 3182 ὧνπερ
581 3104 656 3182 ἔσχε
671 3104 720 3166 καὶ
743 3101 850 3177 λόγον,
878 3104 987 3178 διῦρον
1009 3101 1109 3176 λόγου
1127 3103 1173 3179 ιίις
1195 3109 1240 3184 τῷ
1264 3104 1352 3167 δόντι
1376 3111 1434 3184 τῆς

201 3225 333 3298 σφαγῆς
359 3221 465 3283 λύσιν·
491 3220 619 3297 λαβόντι
645 3222 763 3297 κλῆρον
786 3218 834 3279 καί
856 3215 1034 3293 ἀντίδωρον
1061 3220 1224 3281 δεσποτοῦ
1255 3219 1437 3298 Κλήμεντι

200 3342 247 3418 τῷ
262 3336 415 3413 τρέψαντι
430 3338 487 3412 τήν
502 3335 625 3413 πλάνην
640 3334 733 3416 πάλη.
1304 3336 1437 3400 10063.
1488 3422 1492 3431 .

366 3452 420 3505 [ne.
431 3453 606 3519 Ἀθλητικοὺς
619 3453 732 3516 ἀγῶνας
745 3452 882 3516 εὐφημεῖν
895 3450 1030 3502 θέλων-
1047 3450 1107 3505 Des.
1119 3452 1214 3516 λαβὼν
1232 3452 1257 3504 δ’
1270 3454 1355 3506 ὁποία
1368 3458 1434 3517 νοῦς

335 3556 447 3618 βροτῷν
459 3553 493 3605 οῦ
506 3553 639 3618 λαμβάνει
651 3553 720 3614 ἐχεις
732 3550 797 3616 παρ’
809 3552 913 3616 ἡμῶν...
927 3550 1007 3615 ἀμήν.
1020 3550 1083 3615 (Cfr.
1096 3552 1125 3604 P.
1138 3554 1177 3615 0.,
1188 3556 1206 3604 ί.
1216 3568 1247 3616 α,
1257 3553 1325 3618 665.)

246 3677 300 3734 15.
325 3668 593 3750 (F01.358v-374.)
614 3668 752 3744 Λέοντος
774 3667 809 3730 ἐν
830 3666 884 3743 Χρι
898 3672 955 3748 ,τῷ
979 3670 1102 3744 βασιλεῖ
1127 3668 1245 3750 αἰωνίῳ
1273 3671 1433 3746 βασιλέως

203 3785 360 3862 ἐγκώμιον
375 3786 419 3863 εἰς
433 3786 491 3847 τὸν
506 3785 540 3847 έν
554 3783 665 3866 ἁπαλῷ
683 3784 802 3861 ἡλικίας
816 3783 873 3846 τόν
889 3784 1023 3860 γηραιὸν
1037 3788 1094 3860 τῆς
1116 3785 1225 3861 κακίας
1248 3784 1434 3864 ἀγωνιστὴν

203 3900 504 3978 καταγωνισάμενον
519 3900 747 3978 εὐστεφανίσαι
760 3898 905 3976 ἀοίδιμον
926 3899 1126 3977 Τρύφωνα.
1295 3901 1389 3966 Febr.
1408 3903 1434 3967 1.

368 4016 423 4070 Ine.
435 4017 589 4083 Μάρτυρος
601 4015 780 4082 παραγέγονε
792 4015 884 4081 μνήμη
897 4042 929 4052 -
942 4015 1003 4068 Des.
1015 4015 1086 4081 πρὸς
1099 4019 1186 4068 τοῦτο
1199 4018 1305 4082 μᾶλλον
1316 4019 1435 4084 ἡνεγκεν

335 4116 379 4169 ότι
391 4114 429 4178 τίς
439 4120 546 4169 ταοταν
558 4115 724 4181 ἑκατέροις...
738 4114 818 4180 ἀμην.
831 4114 895 4180 (Gfr.
907 4115 937 4168 P.
949 4116 990 4178 6.,
1002 4118 1021 4169 t.
1033 4130 1064 4178 α,
1075 4114 1144 4181 668.)

760 4413 886 4487 1208.

237 4563 309 4618 Olim
322 4562 422 4630 Regius
433 4562 520 4616 29452.

237 4662 376 4716 Foliorum
389 4663 447 4725 260,
458 4663 553 4725 0²¹¹‚w0
567 4671 592 4721 Χ
606 4663 708 4726 0“·.155,
720 4661 798 4715 lineis
810 4663 905 4730 plenis,
917 4667 1045 4716 exaratus
1059 4663 1168 4717 saeculo
1181 4662 1239 4717 xss.

238 4760 343 4816 Passim
364 4761 455 4831 figuris
474 4761 596 4826 decorus,
620 4777 686 4815 auro
707 4761 852 4830 purissimo
869 4768 895 4816 et
912 4766 989 4830 grata
1005 4762 1129 4816 colorum
1147 4761 1277 4817 varietate
1295 4763 1436 4819 distinctis.
