3284 5536
279 323 317 378 1v

280 517 416 595 codices,
445 519 537 584 cuius
566 519 808 601 magnitudinis,
835 541 900 603 qua
928 521 1054 586 ratione
1083 541 1187 604 quove
1216 523 1346 587 saeculo
1375 524 1509 601 exarati,

280 617 445 682 undenam
465 619 497 683 in
522 619 750 684 bibliothecam
768 621 893 698 invecti,
906 621 1023 702 quibus
1037 622 1180 686 numeris
1192 623 1357 704 quondam
1373 624 1509 703 signati:

280 721 312 780 et
346 718 433 798 quod
465 719 567 783 multo
599 720 731 783 maioris
767 725 816 784 est
847 722 1013 797 momenti,
1043 741 1152 785 rerum
1177 724 1321 786 omnium
1348 724 1510 787 codicibus

280 817 588 899 comprehensarum
611 819 749 882 indicem
770 821 914 895 texebat,
934 820 1068 883 adiectis
1090 821 1287 902 singularum
1304 824 1409 886 initiis.
1426 823 1509 900 Quid

280 917 436 993 restabat,
452 917 522 995 nisi,
538 918 652 981 iisdem
674 919 852 982 insistendo
873 919 1025 1000 vestigiis,
1048 919 1188 1002 reliquos
1207 922 1343 998 codices
1360 943 1440 1004 quos
1459 923 1510 987 ille

279 1034 345 1080 non
359 1016 556 1099 inspexerat,
572 1021 733 1096 excutere,
755 1019 951 1083 documenta
971 1019 1093 1083 inedita
1116 1020 1158 1083 ab
1182 1021 1310 1084 ineditis
1333 1042 1510 1097 secernere,

283 1114 373 1179 Vitas
408 1117 595 1181 encomiave
634 1118 882 1200 manuscripta
917 1137 991 1182 cum
1026 1118 1204 1199 impressis,
1234 1119 1290 1182 ubi
1317 1140 1399 1202 opus
1431 1126 1510 1198 erat,

279 1214 437 1291 conferre,
453 1217 563 1280 omnia
576 1217 726 1298 denique,
747 1221 784 1281 nt
802 1237 879 1281 mox
901 1217 990 1300 prelo
1016 1218 1117 1281 subici
1139 1223 1282 1300 possent,
1309 1219 1342 1282 in
1364 1219 1510 1283 debitum

278 1314 428 1379 ordinem
450 1316 605 1398 redigere.
628 1317 667 1380 Et
682 1318 762 1382 haec
777 1317 909 1399 quidem
924 1318 1065 1399 aggressi
1081 1337 1204 1392 sumus,
1230 1318 1376 1382 eiusdem
1392 1319 1511 1382 officio·

279 1413 398 1479 sissimi
413 1415 472 1479 viri
493 1436 593 1497 opera
609 1417 812 1500 consiliisque
834 1436 1012 1498 numquam
1028 1416 1190 1508 destituta
1206 1418 1292 1481 unde
1308 1417 1429 1482 factum
1452 1421 1510 1494 est,

280 1518 326 1590 ut,
342 1513 465 1579 collatis
479 1515 611 1591 viribus,
628 1517 716 1579 hreni
732 1521 879 1598 tempore
905 1516 1008 1581 hunce
1035 1517 1217 1600 catalogum
1241 1518 1399 1582 conficere
1421 1521 1453 1582 et
1478 1518 1511 1581 in

279 1612 384 1678 lucem
399 1615 547 1679 emittere
561 1616 772 1698 potuerimus.

319 1711 423 1790 Nunc,
440 1735 504 1796 quo
526 1715 657 1779 consilio
675 1735 758 1797 opus
774 1717 924 1780 effectum
943 1717 994 1794 sit,
1011 1703 1176 1799 quamque
1199 1717 1240 1781 ad
1262 1737 1411 1782 normam
1435 1736 1511 1781 exa·

279 1815 377 1889 ctum,
392 1814 505 1896 paucis
523 1815 760 1897 explicandum.

320 2042 365 2107 Eo
381 2044 494 2109 ordine
508 2045 635 2109 codices
656 2065 825 2110 recensere
840 2047 944 2110 visum
968 2051 1017 2111 est
1034 2067 1131 2129 quem
1148 2047 1243 2111 hodie
1258 2047 1290 2110 in
1312 2047 1508 2110 bibliotheca

279 2147 449 2224 occupant,
476 2145 595 2226 quique
620 2145 653 2208 in
678 2146 910 2210 recentioribus
935 2147 1089 2227 catalogis
1115 2166 1288 2228 expressus
1315 2152 1373 2210 est.
1400 2147 1508 2210 Primo

280 2241 376 2323 igilur
390 2243 460 2306 loco
475 2263 531 2307 eos
546 2264 660 2308 omnes
681 2245 849 2327 posuimus
865 2265 1002 2327 quorum
1023 2245 1211 2327 complexus
1233 2251 1437 2328 nuncupatus
1460 2249 1509 2309 cst

281 2341 384 2406 Fonos
406 2362 494 2421 canc,
520 2344 582 2407 sub
610 2344 648 2408 iis
673 2345 816 2408 numeris
843 2345 895 2427 qui
923 2345 1066 2427 inscripti
1093 2349 1168 2409 sunt
1195 2346 1345 2426 Cotatoqo
1370 2345 1508 2407 codicum

280 2444 568 2516 manuscriptorum
607 2442 802 2507 bibliothecae
832 2445 944 2527 reciae,
974 2448 1063 2508 tomo
1088 2445 1115 2508 ll
1132 2445 1252 2526 (1740),
1278 2449 1309 2509 et
1340 2446 1372 2508 in
1402 2444 1508 2507 libello

280 2541 402 2606 laudati
431 2542 561 2606 Henrici
578 2543 708 2613 Omont,
725 2542 903 2606 lucerinae
917 2544 1085 2606 semiantro
1099 2545 1152 2606 des
1167 2546 1357 2606 rnorrascrils
1369 2564 1456 2625 precs
1471 2543 1508 2606 de

280 2640 311 2701 la
328 2640 529 2726 bibliolhiqac
543 2643 712 2716 nationale,
728 2647 749 2705 t.
774 2643 795 2714 l,
808 2643 835 2706 ΙΙ
854 2644 1027 2732 (rascas).
1054 2643 1173 2725 Regios
1198 2643 1324 2707 codices
1346 2642 1509 2725 excipiunt

280 2741 474 2818 Corsuamm,
490 2742 603 2805 iisdem
619 2743 762 2806 numeris
774 2743 891 2823 signati
906 2743 1023 2825 quibus
1045 2742 1077 2806 in
1094 2741 1283 2806 Bibliotheca
1299 2741 1508 2821 Coistiaiana,

281 2861 380 2922 quam
405 2841 576 2906 adornavit
602 2842 819 2917 hlontlaucon,
835 2842 1027 2923 compendio
1051 2842 1175 2924 redegit
1192 2842 1232 2906 H.
1249 2842 1379 2915 Omont,
1398 2842 1508 2904 harm-

280 2941 361 3004 toirc
394 2944 571 3012 sommaire,
598 2946 619 3004 l.
645 2942 695 3005 ΙΙΙ.
721 2942 869 3004 Tandem
895 2942 1008 3005 ultimo
1033 2941 1103 3006 loco
1129 2942 1356 3006 collocavimus
1382 2942 1507 3005 codices

280 3040 441 3104 recentius
467 3041 498 3103 in
524 3040 752 3103 bibliothecam
768 3040 932 3112 advectos,
949 3041 1002 3122 qui
1029 3041 1249 3104 distinctama
1274 3041 1389 3103 ceteris
1412 3041 1507 3103 colle-

281 3140 421 3203 ctionem
437 3140 579 3202 elliciunt
601 3140 661 3200 suh
684 3140 744 3201 hoc
766 3139 858 3201 tilulo
881 3160 887 3200 :
914 3140 1111 3202 Seruianam
1138 3140 1326 3214 chramnus
1343 3141 1507 3220 catalogus

282 3243 389 3303 exstat
415 3239 448 3302 in
473 3239 560 3302 citati
587 3238 658 3300 libri
690 3238 867 3301 liraenlairc
891 3241 1067 3311 soramaire,
1096 3243 1118 3299 t.
1147 3239 1195 3300 lll.
1227 3238 1321 3300 Hisce
1348 3239 1508 3301 thesauris

281 3337 416 3403 accessit
445 3337 508 3401 alia
536 3337 691 3400 librorum
721 3337 1016 3417 manuscriptorum
1046 3337 1119 3417 plus
1152 3337 1257 3399 minus
1287 3337 1371 3399 mille
1404 3337 1508 3399 novis-

282 3437 364 3501 sima
389 3437 499 3513 series
519 3437 550 3500 in
573 3436 689 3517 quibus
711 3435 816 3500 nullus
838 3439 986 3517 repertus
1002 3440 1051 3499 est
1070 3435 1206 3517 quirem
1224 3435 1507 3518 hagiographicam

282 3539 453 3618 spectaret.

323 3701 358 3764 ln
373 3700 486 3782 triplici
509 3699 608 3763 niodo
624 3702 815 3762 enumerata
838 3698 921 3762 serie
944 3718 1000 3762 eos
1022 3717 1135 3762 omnes
1151 3699 1276 3762 codices
1299 3698 1452 3780 elegimus
1477 3699 1507 3761 in

282 3801 400 3883 quibus
428 3800 470 3863 ad
499 3799 667 3863 historiam
710 3798 872 3861 cultumve
913 3801 1099 3860 sanctorum
1140 3798 1306 3879 quidpiam
1341 3799 1508 3879 pertinens

282 3900 450 3982 reperitur,
465 3898 563 3980 paulo
588 3898 683 3961 latius
704 3897 881 3961 identidem
905 3896 1113 3972 excurrendo,
1141 3917 1180 3960 ea
1204 3899 1329 3960 ratione
1355 3917 1453 3978 quain
1477 3898 1508 3959 in

282 3998 473 4062 Bibliotheca
499 3996 746 4080 hopioprophico
769 4016 883 4079 praeco
908 3996 1044 4077 professi
1064 4015 1185 4059 sumus.
1201 3996 1368 4073 Quasdam
1397 4001 1508 4058 tamen

282 4099 436 4162 materias
457 4098 535 4161 dala
560 4117 661 4178 opera
686 4096 900 4178 seposuimus,
926 4115 967 4159 ne
993 4095 1132 4176 saepius
1155 4115 1228 4158 cum
1255 4095 1374 4158 danmo
1400 4115 1507 4158 rerum

282 4198 541 4280 praecipuarum,
567 4196 818 4260 retardarentur.
843 4194 901 4259 His
923 4194 1081 4276 imprimis
1102 4195 1303 4258 accensenda
1323 4199 1396 4257 sunt
1425 4215 1508 4274 (qliae

281 4298 342 4361 sub
365 4297 496 4361 nomine
521 4295 664 4359 Historia
691 4293 914 4357 nroaacboram
942 4294 992 4358 vel
1029 4293 1113 4357 Vitae
1128 4293 1260 4357 Patrma
1278 4295 1508 4375 comprehendi

281 4398 395 4475 solent,
422 4396 525 4479 qualis
548 4400 597 4459 est
619 4394 754 4459 Palladii
777 4393 921 4456 Historia
940 4394 1112 4472 loirasiooa,
1128 4394 1248 4457 Moschi
1268 4393 1398 4454 tholam
1415 4395 1509 4474 spiri-

280 4496 374 4574 tuale,
391 4495 638 4579 Apophteqmata
656 4495 790 4557 Petraia
813 4497 844 4558 et
862 4493 945 4556 aliae
960 4493 1029 4556 eius
1048 4493 1173 4573 generis
1194 4493 1506 4555 narratiuncularuni

279 4595 492 4671 collectiones,
508 4614 645 4676 quarum
667 4593 766 4656 nimia
782 4592 874 4674 copia
896 4592 1011 4655 eruditi
1027 4591 1172 4672 plerique
1190 4592 1333 4654 deterriti
1349 4590 1505 4660 videnlur.

280 4696 327 4760 De
341 4695 391 4759 his
403 4693 465 4759 alio
480 4694 549 4759 loco
564 4713 623 4757 nos
638 4692 812 4774 aliquando
827 4694 1023 4756 tractaturos
1038 4710 1218 4772 speramus.
