3284 5536
325 388 398 460 074
571 409 662 460 nini.
689 408 769 460 nir.
796 409 909 461 Ριιιιε.
929 431 975 440 -
1001 410 1105 462 conn.
1132 411 1209 480 rios,
1236 410 1313 462 ιοοι.

357 596 469 650 Praeter
480 597 641 660 Palladium,
652 597 798 652 Moschum
811 602 839 652 et
850 598 904 652 alia
914 601 1066 665 γεροντικὰ
1077 599 1147 654 haec
1158 600 1298 655 continet:

368 752 398 808 1.
420 745 509 828 (Pag.
521 747 681 827 400-404.)
697 749 771 826 Βίος
785 749 949 826 σύντομος
971 748 1235 827 Εὐφροσύνου
1258 747 1425 825 μαγείρου.
1442 790 1474 814 ,-.
1487 747 1522 812 Β.

365 867 398 925 2.
420 862 510 946 (Pag.
532 864 691 947 675-679.)
707 865 821 943 θαῦμα
833 865 1008 942 γενόμενον
1023 864 1058 928 ἐν
1072 870 1117 947 τῷ
1143 865 1306 948 Βυζαντίῳ
1331 864 1500 944 ὠφέλιμον
1515 868 1562 930 καὶ

323 976 517 1055 παράδοξον.

488 1093 543 1148 Ine.
557 1094 729 1160 θαυμαστὸς
742 1095 839 1158 δθεὸς
849 1095 879 1148 ἐν
888 1097 950 1158 τοῖς
959 1093 1049 1159 ἁγίοις
1059 1095 1148 1148 αὐτοῦ
1161 1110 1250 1163 φησιν
1263 1095 1430 1162 ὁμακιίριος
1438 1095 1563 1162 Δαβίδ-

457 1191 597 1260 ὓοσφησί
605 1193 660 1259 γὰρ
674 1194 720 1246 διὰ
731 1197 784 1246 τοῦ
795 1194 950 1261 προφήτου
963 1194 980 1246 ὁ
992 1194 1103 1260 Κίιριος·
1113 1193 1147 1247 οὐ
1157 1194 1295 1260 βούλομαι
1304 1195 1359 1248 τὸν
1371 1195 1500 1249 θάνατον
1511 1199 1561 1249 τοῦ

456 1290 627 1357 ἁμαρτωλοί)
641 1292 726 1362 ὡςτὸ
739 1292 907 1358 ἐπιστρέψαι
919 1291 965 1346 καί
977 1295 1028 1359 ζῆν
1043 1293 1156 1346 αὑτὸν...
1169 1293 1251 1360 ἀμήν.

365 1394 399 1451 3.
421 1387 511 1470 (Pag.
522 1389 684 1468 681-741.)
700 1390 774 1468 Βίος
788 1393 838 1454 καὶ
852 1391 994 1455 πολιτεία
1008 1394 1067 1454 τοῦ
1080 1390 1178 1455 ὁσίου
1189 1392 1316 1471 πατρὸς
1327 1393 1423 1471 ἡμῶν
1437 1391 1560 1458 Ἀντω-

323 1501 408 1566 νίου
432 1506 632 1583 συγγραφεῖς
643 1507 693 1568 καὶ
708 1504 901 1584 ἀποσταλεὶς
916 1506 1000 1584 πρὸς
1009 1508 1088 1583 τοὺς
1103 1505 1190 1589 ἐντί)
1207 1507 1281 1589 ξένῃ
1292 1508 1386 1590 χώρᾳ
1400 1510 1561 1587 μοναχοὺς

324 1618 411 1695 παρὰ
431 1622 491 1682 τοῦ
518 1619 551 1683 ἐν
574 1618 676 1697 ἁγίοις
696 1621 819 1699 πατρὸς
842 1621 933 1699 ἡμῶν
954 1618 1142 1685 Ἀθανασίου
1158 1620 1412 1700 ἀρχιεπισκὸπου
1427 1621 1560 1688 Ἀλεξαν-

325 1733 439 1810 δρείας.
454 1776 488 1797 =
501 1733 537 1798 B.

878 1947 1011 2023 1598.

358 2141 430 2196 Olim
443 2141 616 2196 colbertinus
624 2140 682 2209 670,
694 2141 794 2209 Regius
807 2142 893 2197 19932.

357 2241 557 2306 Membrenens,
566 2240 695 2294 foliorum
704 2242 761 2306 303,
770 2242 866 2306 0“,310
877 2250 903 2300 ><
913 2243 1016 2308 00035,
1028 2243 1099 2298 binis
1111 2245 1256 2310 columnis,
1266 2261 1310 2307 en
1322 2246 1374 2301 993
1385 2251 1521 2302 exaratus.

357 2339 491 2405 Continet,
510 2344 619 2409 praeter
630 2340 731 2394 librum
745 2341 769 2394 11
781 2341 902 2395 Paradisi
920 2342 965 2396 SS.
976 2343 1088 2398 Petrum
1102 2348 1130 2398 et
1140 2344 1240 2399 similia
1251 2346 1385 2413 opuscula
1396 2347 1559 2413 γεροντικιίε

369 2497 398 2553 1.
421 2489 499 2570 (rol.
515 2489 690 2572 208-238'.)
702 2491 777 2568 Βίος
792 2492 842 2554 καὶ
856 2490 994 2570 ἄσκησις
1009 2494 1060 2556 καὶ
1075 2495 1185 2573 διδαχὴ
1204 2498 1262 2572 τῆς
1278 2492 1370 2572 ἁγίας
1391 2497 1555 2574 παρθένου

323 2606 581 2684 Συγκλητικῆς
604 2607 805 2686 συγγραφεὶς
819 2608 905 2685 παρὰ
916 2607 1136 2687 Πολυκάρπου
1154 2609 1309 2688 ἀσκητοῦ.
1328 2641 1362 2662 =
1377 2610 1413 2675 B.

490 2721 553 2775 Des.
562 2721 591 2775 in
603 2722 755 2790 doxologia„

365 2825 397 2884 2.
420 2819 499 2902 (Fol.
511 2820 672 2901 039047.)
687 2820 832 2886 Historia
853 2820 991 2887 Malchi
1011 2822 1164 2888 monachi
1178 2823 1350 2906 captivi:
1367 2824 1459 2889 1605.

489 2937 543 2991 Ιαο.
553 2937 649 2991 mutila
662 2955 669 2990 ι
718 2938 823 3002 ἔμαθον
833 2937 871 3002 εἰς
883 2938 936 3004 τὴν
946 2939 1145 3004 μεσοχάλκιδος
1158 2939 1204 2993 καὶ
1216 2939 1332 3007 Βεροίας
1345 2941 1461 3008 ἔρημον.

364 3035 497 3116 3.(001.
520 3035 695 3119 nov-252.)
721 3035 800 3115 Περὶ
822 3035 1059 3115 Ἀνδρονίκου
1083 3037 1335 3117 ἀργυροπράτου
1361 3041 1413 3103 καὶ
1434 3038 1559 3104 Ἀθανα·

324 3152 397 3228 σίας
411 3153 563 3230 γυναικὸς
577 3151 688 3216 αὐτοῦ.

487 3267 603 3322 Ιαο.Ἠν
612 3284 653 3332 τις
666 3268 887 3335 ἀργυροπριίτης
899 3268 929 3322 ἐν
940 3266 1088 3337 Ἀντιοχείᾳ
1098 3274 1133 3334 τί]
1147 3270 1252 3340 μεγάλῃ
1262 3297 1295 3308 -
1308 3270 1369 3325 Deo.
1382 3269 1428 3324 καί
1441 3271 1558 3340 κατέθη-

454 3384 502 3420 κεν
516 3367 594 3436 atriti
610 3365 730 3434 πλησίον
742 3371 795 3420 τοῦ
808 3368 878 3433 ἀββᾱ
889 3365 1080 3422 Ἀθανασίου...
1092 3367 1173 3435 ἀμήν.
1529 3352 1537 3368 ’

878 3660 1010 3735 4604.

356 3875 428 3929 Olim
446 3875 688 3930 Fonteblaudensis
707 3885 739 3928 n⁰
750 3874 804 3938 175,
826 3877 921 3942 postea
939 3873 1039 3941 Regius
1056 3886 1182 3937 οιοαιτιιι,
1196 3873 1267 3933 1080.
1284 3872 1359 3928 0991.

356 3974 495 4028 Foliorum
504 3974 561 4038 093,
572 3974 668 4033 00190
683 3981 708 4031 ><
719 3973 821 4037 0“,140,
830 3972 908 4026 lineis
920 3973 1016 4041 plenis,
1026 3975 1154 4027 exaratus
1164 3988 1235 4026 seeo.
1246 3971 1292 4026 xl.

358 4071 434 4125 Folia
447 4073 468 4136 1,
480 4072 505 4135 4,
515 4073 538 4135 7,
549 4072 630 4135 7475,
640 4070 748 4124 041093
761 4070 905 4124 chartacea
917 4074 988 4134 sunt,
1003 4058 1115 4123 exarata
1127 4085 1197 4123 saec.
1209 4068 1339 4123 71147171.

357 4170 490 4224 Homilias
512 4170 546 4223 de
565 4168 788 4232 Annuntiatione‚
809 4169 843 4222 de
864 4167 975 4232 ieiunio,
997 4169 1032 4222 de
1054 4167 1313 4236 Transfiguratione,
1331 4167 1366 4221 de
1384 4168 1554 4222 Dormitione

323 4268 352 4323 B.
362 4268 462 4322 Mariae
472 4270 513 4333 (ι-
523 4268 545 4322 Β
554 4269 596 4332 40)
610 4272 637 4321 et
646 4267 680 4321 de
693 4268 719 4321 S.
733 4267 857 4321 Iohanne
869 4267 990 4335 Baptista
999 4266 1045 4320 hio
1054 4266 1143 4321 obiter
1154 4266 1289 4321 indicasse
1300 4266 1425 4321 sufficiet

356 4368 412 4422 Fol.
425 4369 437 4421 1
451 4367 548 4434 legitur
559 4367 640 4421 index
654 4383 738 4421 mann
755 4367 856 4421 recenti
869 4366 992 4435 scriptus,
1003 4365 1089 4420 titulis
1106 4366 1243 4420 nonnullis
1260 4365 1319 4434 ipso
1332 4365 1426 4420 codice
1437 4365 1553 4421 uberior.

366 4523 395 4578 1.
418 4514 496 4597 (Fol.
512 4513 610 4597 030.)
625 4513 811 4592 Ὑπόμνημα
826 4513 895 4591 ἢτοι
908 4512 1044 4592 ἄθλησις
1060 4515 1123 4577 σὺν
1142 4512 1288 4595 ἐγκωμίῳ
1304 4516 1370 4577 τῶν
1385 4512 1487 4590 ἁγίων
1503 4515 1550 4578 καὶ

322 4629 463 4693 ἐνδόξων
489 4632 548 4692 τοῦ
575 4628 715 4706 Χριστοῦ
746 4631 919 4707 νεοφανῶν
947 4629 1241 4706 τεσσαράκοντα
1269 4629 1338 4691 δύο
1366 4630 1549 4694 καλλινίκων

321 4745 493 4824 μαρτύρων
508 4746 700 4822 συγγραφὲν
716 4744 779 4807 ὑπὸ
794 4743 944 4807 Εὐωδίου
960 4747 1113 4824 μοναχοῦ.
1413 4744 1508 4810 Mart
1521 4744 1550 4808 6.
