3284 5536
202 354 274 427 300
447 374 539 426 κιαι.
566 374 647 425 κατ.
673 373 787 426 mus,
806 393 853 405 -
879 373 958 425 con.
984 372 1094 425 οοιει..
1123 371 1183 424 ιιι.

200 562 363 640 μάρτυρος
386 562 600 640 Εὐφημίας·
617 562 808 641 συνεγρὰφη
824 562 911 640 παρὰ
923 564 981 625 τοῦ
998 560 1201 640 σοφωτάτου
1219 560 1254 623 ἐν
1266 558 1428 638 ίερομονά-

200 699 268 756 χοις
284 683 385 756 κυροῦ
401 680 569 756 Μακαρίου
587 681 646 742 τοῦ
663 678 788 756 Μακρή.
1312 673 1368 738 Iul.
1385 673 1429 736 11.

364 795 418 847 lnc.
426 794 502 848 Ἀλλά
513 800 573 858 πιῦς
586 796 621 846 ἀν
633 811 674 857 τις
687 798 791 859 μᾶλλον
801 795 931 860 εὔφημον
950 792 1027 860 σχείη
1045 796 1179 859 γλῶτταν
1191 793 1208 859 ἢ
1221 791 1276 857 τήν
1287 790 1430 856 πονείιφη-

332 911 385 958 μον
402 895 432 946 έν
445 896 582 959 μάρτυσιν
594 922 627 932 -
647 895 709 947 Des.
721 893 766 947 καί
778 895 814 946 τὰ
826 894 894 959 μέλη
906 895 942 946 τὰ
959 893 1002 946 έπί
1013 897 1064 960 τῆς
1075 896 1128 959 γῆς
1146 891 1193 945 καί
1209 893 1245 944 τό
1263 894 1314 957 τής
1327 892 1429 956 σαρκός

334 994 527 1059 νεκρὼσασα...
538 994 618 1060 ἀμήν.

243 1124 300 1182 37.
323 1116 403 1197 (801.
424 1116 587 1197 4401447.)
615 1115 732 1194 Νικήτα
757 1115 897 1193 ῥήτορος
919 1117 969 1178 καί
991 1114 1185 1193 φιλοσόφου
1209 1113 1369 1190 ἐγκώμιον
1391 1111 1433 1188 εἰς

201 1237 278 1310 τοὺς
300 1233 412 1309 ἁγίους
437 1235 485 1294 καί
511 1233 711 1309 καλλινίκους
736 1230 1019 1310 μεγαλομάρτυρας
1043 1230 1218 1308 Κήρυκον
1242 1231 1292 1292 καὶ
1312 1228 1433 1292 Ἰουλίτ·

201 1369 268 1412 ταν.
1317 1343 1373 1408 Iul.
1389 1344 1434 1407 15.

366 1464 420 1516 lnc.
434 1461 544 1528 Ὥσπερ
567 1463 618 1516 οῦκ
638 1463 698 1516 ἔστι
710 1464 900 1528 συνεχόμενον
912 1467 954 1528 τῷ
968 1460 1064 1528 Κυρίῳ
1083 1461 1218 1514 Ἰουδαῖον
1239 1462 1257 1528 ἢ
1271 1458 1393 1526 Ἕλληνα
1404 1488 1436 1499 -

335 1561 396 1615 Des.
413 1563 480 1625 τοὺς
502 1561 711 1628 ἀμαραντίνους
724 1565 774 1628 τῆς
787 1563 966 1629 δικαιοσύνης
985 1563 1147 1628 στεφάνους
1160 1562 1213 1615 σῦν
1226 1562 1286 1623 τοῖς
1298 1561 1435 1613 τελειοτά-

334 1677 393 1723 τοις
403 1665 462 1713 τῦιν
475 1662 550 1714 όλων
560 1661 674 1725 ἁγίων...
687 1662 768 1727 ἀμήν.

244 1781 302 1838 38.
324 1773 590 1857 (8014474501.)
612 1775 678 1838 Τοῦ
695 1775 729 1838 έν
744 1775 846 1852 ἁγίοις
858 1776 982 1853 πατρὸς
1004 1775 1093 1853 ἡμῶν
1116 1775 1273 1853 Κυρίλλου
1301 1773 1434 1852 ἀρχιεπι-

203 1890 331 1952 σκότου
348 1889 576 1967 Ἀλεξανδρείας
589 1888 688 1966 λόγος
712 1889 756 1966 είς
777 1893 855 1966 τοὺς
877 1889 988 1967 ἁγίους
1004 1891 1143 1968 πατέρας
1158 1893 1238 1967 τοῦς
1254 1890 1304 1952 ἐπὶ
1325 1893 1383 1967 τῆς
1403 1889 1436 1951 ἐν

203 2003 334 2088 Ἐφέσῳ
351 2004 497 2068 συνόδου
511 2008 560 2067 καί
575 2005 620 2083 είς
636 2007 692 2082 τήν
709 2005 880 2083 ῦπεραγίαν
896 2007 1072 2070 δέσποιναν
1088 2006 1180 2084 ἡμῶν
1199 2005 1365 2069 Θεοτόκον
1387 2006 1434 2067 καί

205 2121 284 2184 κατὰ
299 2121 477 2199 Νεστορίου
493 2124 552 2184 τοῦ
568 2124 764 2199 δυσσεβοῦς,
780 2120 818 2184 δι’
840 2121 879 2185 ὃν
894 2123 944 2184 καὶ
959 2121 978 2200 ἡ
995 2123 1139 2199 σύνοδος
1150 2123 1294 2198 γέγονεν.

708 2237 844 2320 Κυριακῇ
861 2238 937 2315 μετὰ
947 2239 1005 2315 τήν
1017 2237 1054 2315 ις’
1070 2241 1129 2302 τοῦ
1143 2237 1309 2316 παρόντος
1325 2235 1430 2315 μηνός.

367 2352 415 2406 Εό.
423 2354 454 2405 Ρ.
468 2351 649 2418 0.,10111111,
663 2352 812 2407 10701010.

244 2482 301 2541 39.
323 2476 608 2559 (0014501450.)
630 2478 816 2556 Μαρτύριον
830 2483 888 2557 τῆς
903 2477 993 2555 ἁγίας
1008 2479 1057 2541 καὶ
1073 2477 1206 2544 ἐνδόξου
1231 2477 1428 2556 μεγαλομὰρ·

203 2606 302 2663 τυρος
324 2585 503 2662 Μυρίνης.
1315 2585 1432 2649 10117.

367 2699 422 2754 Ιιιο.
432 2701 522 2753 Ούδὲν
535 2701 627 2763 οὕτως
645 2701 741 2767 ἡδύνει
750 2700 796 2754 καί
808 2702 986 2767 καθιλαρύνει
998 2702 1091 2768 ψυχήν
1104 2702 1214 2769 ἀγαθήν
1232 2701 1278 2755 καί
1289 2702 1393 2767 πιστὴν
1403 2727 1435 2738 -

335 2801 397 2853 Des.
407 2801 477 2860 ἔχειν
486 2801 702 2864 πρεσβεῦουσαν
712 2799 897 2863 ἀδιαλείπτως
908 2802 978 2867 ὑπὲρ
992 2802 1096 2868 ἡμῶν...
1109 2802 1190 2868 ἁμήν.

242 2923 301 2980 40.
326 2915 404 2998 (101.
418 2914 610 2998 45614031.)
622 2915 808 2994 Ὑπόμνημα
822 2917 866 2994 εἰς
877 2918 934 2981 τὸν
950 2917 1042 2994 ἀγιον
1054 2919 1103 2981 καὶ
1115 2918 1249 2982 ἔνδοξον
1260 2918 1433 2996 προφήτην

203 3035 252 3095 καὶ
268 3031 406 3108 θεόπτην
428 3031 563 3114 Ἠλίαν.
1315 3034 1371 3098 luL
1386 3034 1434 3097 70.

368 3148 504 3215 ἸμαἈρτι
516 3150 565 3213 μὲν
578 3148 606 3201 αἱ
616 3149 727 3202 δώδεκα
734 3153 786 3202 τοῦ
799 3149 907 3216 Ἰσραήλ
917 3149 1006 3216 φυλαί
1018 3150 1071 3204 σῦν
1080 3151 1210 3216 ἀλλήλαις
1222 3149 1322 3216 ἦσαν...

243 3270 301 3327 41.
323 3264 401 3346 (Fol.
416 3264 606 3348 463v-474v.)
622 3265 807 3343 Μαρτύριον
821 3269 880 3329 τοῦ
893 3265 986 3342 ἁγίου
1003 3265 1136 3331 ἐνδόξου
1150 3266 1437 3344 μεγαλομάρτυρος

204 3381 254 3442 καὶ
269 3380 433 3457 ίαματικοῦ
455 3380 780 3458 Παντελεήμονος.
793 3412 825 3432 =
840 3380 866 3444 Β
884 3381 911 3444 1.
1313 3381 1370 3445 1υ1.
1385 3380 1434 3445 27.

243 3526 302 3583 42.
325 3519 676 3602 (F01.475-478v.)100
703 3521 736 3585 έν
759 3520 860 3599 ἁγίοις
881 3523 1003 3600 πατρὸς
1024 3523 1115 3601 ἡμιῦν
1129 3521 1279 3587 Ἰωάννου
1303 3523 1438 3603 ἀρχιεπι·

205 3637 332 3699 σκόπου
360 3636 733 3713 Κωνσταντινουπόλεως
754 3640 812 3700 τοῦ
837 3636 1074 3716 Χρυσοστόμου
1102 3638 1260 3717 ἐγκώμιον
1287 3639 1332 3717 ε1ς
1359 3642 1437 3716 τοὺς

205 3750 317 3829 ἁγίους
340 3752 610 3830 Μακκαβαίους
633 3754 682 3815 καί
697 3753 741 3830 είς
757 3754 814 3831 τήν
830 3751 937 3840 αῦτιῦν
952 3754 1080 3832 μητέρα.
1099 3786 1130 3806 =
1142 3753 1227 3818 548³.
1312 3755 1396 3838 Aug.
1413 3756 1439 3820 1.

244 3892 404 3974 43.(1“01.
429 3892 606 3974 478v486.)
631 3893 747 3971 Νικήτα
772 3897 831 3957 τοῦ
859 3895 1053 3973 φιλοσόφου
1082 3895 1182 3972 λόγος
1214 3897 1439 3974 διηγηματικὸς

203 4010 275 4085 περὶ
290 4013 346 4085 τῆς
361 4007 530 4086 ἀθλήσεως
543 4011 673 4087 καὶπερὶ
685 4015 742 4087 τής
757 4009 921 4088 εὑρέσεως
933 4012 982 4074 καί
993 4009 1187 4089 ἀνακομιδῆς
1198 4015 1264 4074 τῶν
1275 4012 1439 4089 λειψάνων

204 4126 264 4186 τοῦ
280 4124 373 4200 ἁγίου
389 4125 666 4204 πρωτομὰρτυρος
682 4128 731 4189 καὶ
746 4126 974 4205 ἀρχιδιακόνου
996 4126 1206 4205 Στεφάνου.
1223 4158 1257 4179 =
1278 4127 1397 4192 118011.

1309 4243 1394 4326 Aug.
1409 4242 1439 4306 2.

246 4378 305 4435 44.
327 4370 405 4453 (Fol.
420 4371 580 4443 525-535.)
597 4373 839 4438 Κωνσταντίνου
858 4373 892 4437 ἐν
907 4373 1034 4455 Χριστῷ
1058 4377 1180 4452 βασιλεῖ
1201 4374 1320 4458 αἰωνίῳ
1345 4379 1435 4453 βασι·

207 4489 288 4564 λέως
311 4486 476 4564 Ῥωμαίων
502 4491 647 4566 διήγησις
673 4489 735 4552 ἀπὸ
760 4490 931 4567 διαφόρων
956 4489 1168 4567 ἀθροισθεῖσα
1188 4490 1342 4569 ἱστοριῶν
1365 4495 1436 4570 περί

206 4607 262 4680 τῆς
277 4603 359 4680 πρὸς
373 4603 523 4680 Αῦγαρον
538 4604 775 4682 ἀποσταλείσης
791 4604 1035 4683 ἀχειροποιήτου
1051 4605 1177 4684 είκόνος
1189 4610 1249 4670 τοῦ
1261 4608 1377 4686 κυρίου
1390 4610 1438 4671 καί

208 4718 293 4784 Θεοῦ
309 4720 358 4781 καὶ
373 4724 525 4797 σωτῆρος
538 4721 628 4799 ἡμῶν
639 4719 745 4798 Ἰησοῦ
757 4721 897 4800 Χριστοῦ
913 4723 962 4784 καί
978 4722 1025 4799 ὡς
1036 4721 1068 4788 ἐξ
1079 4721 1215 4802 Ἐδέσης
1225 4724 1437 4804 μετεκομίσθη
