3284 5536
510 390 600 442 οισι.
628 390 708 443 υιτ.
735 390 849 442 mus.
869 410 916 420 -
942 390 1021 441 οου.
1049 388 1148 440 ιιοιιι.
1399 369 1446 442 85

202 580 231 634 S.
250 580 385 635 Iohannis
402 581 588 649 chrysostomi
606 580 634 635 in
654 581 679 634 S.
699 580 889 648 Philogonium
911 583 954 644 (=
965 580 1006 646 Β),
1026 579 1052 634 S.
1075 580 1166 634 Basilii
1189 580 1219 634 in
1238 579 1285 633 XL
1313 583 1446 648 martyres

199 680 247 745 (=
258 680 284 734 B
295 680 328 747 1),
337 679 364 733 S.
375 680 500 735 Andreae
509 679 646 735 Cretensis
654 680 709 734 duo
721 680 749 734 in
762 678 962 734 Dormitionern
976 679 1106 747 Deiparae
1119 681 1161 745 (=
1173 680 1195 732 Β
1206 680 1247 745 45,
1258 679 1310 745 46).

250 901 284 957 1.
307 892 513 976 (F01.6-20v.)
523 894 637 972 Τοῦέν
649 894 752 970 ἁγίοις
762 895 884 971 πατρὸς
899 894 989 970 ἡμῶν
1001 893 1179 971 Γρηγορίου
1192 892 1445 974 ἁρχιεπισκόπου

203 1008 456 1086 θεσσαλονίκης
470 1009 569 1086 λόγος
583 1010 628 1086 είς
641 1010 699 1086 τήν
714 1009 797 1086 πρὸς
812 1010 851 1071 τά
872 1007 945 1084 ἁγια
965 1012 1032 1072 τῶν
1047 1008 1147 1084 ἁγίων
1169 1008 1305 1073 εἴσοδον
1321 1010 1370 1072 καί
1391 1009 1449 1073 τὸν

201 1123 241 1187 ἐν
257 1123 373 1201 αὐτοῖς
384 1126 507 1202 θεοειδῆ
524 1124 593 1202 βίον
604 1128 660 1202 τῆς
671 1123 919 1202 πανυπεράγνου
932 1124 1106 1202 δεσποίνης
1121 1124 1212 1202 ἡμῶν
1234 1123 1409 1188 Θεοτόκο
1419 1144 1448 1187 υ.

1302 1235 1383 1300 Νον.
1398 1236 1448 1301 βί.

378 1355 434 1408 lnc.
445 1352 501 1407 Ἐπί
512 1357 571 1407 τῶν
586 1355 724 1418 μειζόνων
735 1356 753 1422 ἢ
766 1354 826 1408 κατ’
839 1351 1023 1420 ἀνθρωπίνην
1035 1354 1152 1419 δῦναμιν
1168 1353 1224 1407 εἴτε
1238 1353 1349 1419 βάρος...

251 1475 285 1533 2.
309 1469 390 1549 (Fol.
405 1469 539 1550 Μῦν.)
557 1470 624 1534 Τοῦ
641 1469 675 1532 ἐν
693 1468 794 1545 ἁγίοις
814 1469 937 1546 πατρὸς
961 1470 1051 1545 ἡμῶν
1076 1466 1222 1545 Ἀνδρέου
1246 1467 1368 1549 Κρήτης
1389 1470 1449 1531 τοῦ

202 1586 467 1664 Ἰεροσολυμίτου
483 1586 640 1665 ἐγκώμιον
654 1586 697 1662 είς
712 1587 768 1648 τὸν
784 1584 983 1662 ὁσιοπατὲρα
1002 1585 1092 1662 ἡμῶν
1115 1584 1314 1648 Νικόλαον.
1331 1618 1362 1640 =
1379 1583 1404 1647 B
1420 1585 1449 1647 8.

1333 1698 1409 1763 Dec.
1420 1699 1450 1762 6.

251 1824 285 1882 3.
308 1817 348 1899 (F
349 1817 390 1880 ol.
405 1817 536 1897 39-66'.)
554 1818 628 1894 Βίος
644 1817 693 1879 καὶ
707 1817 848 1879 πολιτεία
869 1819 931 1879 τοῦ
947 1815 1043 1879 ὁσίου
1066 1817 1188 1894 πατρὸς
1207 1816 1297 1896 ήμιῦν
1324 1815 1450 1879 Ἀντω-

204 1934 296 1998 νίου
320 1935 523 2012 συγγραφεὶς
544 1933 632 2011 παρὰ
651 1936 711 1996 τοῦ
738 1933 772 1996 ἐν
794 1932 896 2008 ἁγίοις
916 1933 1039 2010 πατρὸς
1063 1933 1152 2009 ήμῶν
1175 1932 1365 1996 Ἀθανοσίου
1391 1935 1450 1994 τοῦ

206 2048 463 2127 μεγάλουὲΒ.
1316 2045 1384 2111 lan.
1403 2045 1449 2109 17.

253 2188 289 2244 ἀ
311 2179 393 2261 (Fol.
415 2178 570 2259 87v-101.)
586 2179 762 2256 [ρηγορίου
781 2177 1031 2256 άρχιεπισκόπου
1061 2176 1210 2255 Κπόλεως
1225 2181 1284 2242 τοῦ
1310 2175 1451 2255 Κυπρίου

208 2296 373 2373 ἐγκώμιον
408 2294 452 2372 εἰς
480 2295 538 2357 τὸν
564 2292 656 2369 ἅγιον
684 2295 744 2356 τοῦ
773 2291 913 2370 Χριστοῦ
943 2290 1208 2370 μεγαλομάρτυρα
1250 2290 1451 2369 Γειίιργιον.

207 2410 315 2475 =B8.

206 2626 211 2631 ³
251 2550 287 2607 5.
310 2541 390 2622 (Fol.
410 2541 582 2623 105·131”.)
593 2541 660 2604 Τοῦ
677 2539 877 2619 σοφωτάτου
901 2542 950 2603 καὶ
965 2539 1163 2616 λογιωτάτου
1181 2541 1230 2602 καί
1252 2538 1442 2616 τιμιωτάτου

180 2676 183 2680 “
210 2659 246 2722 ἐν
270 2661 425 2736 μοναχοϊς
447 2657 560 2735 κυρίου
584 2655 730 2735 Μαξίμου
744 2659 803 2720 τοῦ
820 2655 994 2733 Πλανούδη
1011 2656 1169 2732 ἐγκώμιον
1185 2656 1230 2732 είς
1245 2656 1323 2730 τοὺς
1338 2653 1452 2731 ἁγίους

209 2775 512 2852 καὶπανευφήμους
530 2771 738 2849 ἀποστόλους
758 2771 906 2848 Πέτρον
929 2772 978 2833 καὶ
1000 2770 1163 2834 Παῦλον.
1180 2793 1211 2816 =
1231 2769 1318 2834 1187.

251 2914 286 2972 6.
308 2905 390 2988 (Fol.
408 2904 580 2986 131v-139.)
595 2905 755 2968 Φιλοθὲου
770 2903 967 2982 πατριάρχου
988 2904 1137 2980 Κπόλεως
1156 2904 1314 2981 ἐγκώμιον
1329 2904 1374 2979 είς
1390 2903 1448 2966 τὸν

208 3024 307 3099 ἅγιον
323 3020 538 3099 ἱερομὰρτυρα
559 3020 703 3083 Φωκὰν.

383 3137 437 3190 lnc.
450 3136 478 3190 Εί
490 3137 521 3189 δὲ
534 3135 579 3189 καί
591 3136 658 3198 τοὺς
671 3135 816 3200 λαμπροὺς
829 3133 953 3197 ἐκείνους
967 3136 1094 3201 μαθητὰς
1107 3133 1318 3199 -ῦοοδδηγός
1329 3132 1454 3198 ἀπλανὴς

348 3233 394 3288 καί
406 3234 606 3300 πρεσβευτής...
619 3233 700 3299 ἀμήν.

256 3358 291 3415 7.
317 3349 395 3432 (Pol.
414 3349 600 3432 189v-193v.)
615 3349 682 3412 Τοῦ
698 3348 733 3412 ἐν
748 3349 850 3424 ἁγίοις
864 3349 986 3426 πατρὸς
1009 3349 1099 3426 ἡμῶν
1122 3349 1299 3428 Γρηγορίου
1323 3348 1450 3412 ἐπισκό·

210 3488 281 3531 που
309 3466 445 3543 Νόσσης
480 3465 639 3542 ἐγκώμιον
662 3465 706 3542 είς
731 3465 788 3528 τὸν
813 3463 906 3540 ἁγιον
934 3463 1200 3543 μεγαλομάρτυρα
1225 3468 1284 3530 τοῦ
1314 3464 1453 3543 Χριστοῦ

210 3583 436 3659 Θεόδωρον.
450 3580 520 3645 =ss
536 3580 565 3644 β.

256 3721 290 3781 ⁸.
313 3712 393 3797 (Fol.
412 3712 602 3795 193v-198v.)
625 3711 799 3790 Νεκταρίου
816 3711 1066 3790 ἀρχιεπισκόπου
1090 3712 1239 3791 Κπόλεως
1254 3714 1400 3792 διήγησις
1415 3710 1454 3775 δι’

214 3832 257 3908 ἣν
272 3831 374 3894 αἰτίαν
389 3835 434 3912 τῷ
450 3829 570 3911 πρώτῷ
588 3827 740 3910 σαββάτῳ
763 3831 829 3890 τῶν
850 3831 1011 3905 νηστειῶν
1032 3830 1090 3905 τήν
1113 3830 1236 3906 μνήμην
1262 3827 1454 3906 ἑορτάζομεν

213 3950 276 4010 τοῦ
293 3945 386 4022 ἁγίου
404 3919 687 4023 μεγαλομάρτυρος
708 3943 914 4020 Θεοδώρου
939 3945 988 4006 καί
1004 3944 1075 4022 περὶ
1086 3944 1235 4023 νηστείας
1256 3945 1305 4008 κοί
1326 3943 1455 4022 ἐλεημο-

215 4063 334 4140 σῦνης.
344 4080 379 4101 =
392 4059 419 4124 B
433 4059 463 4123 3.

264 4190 780 4275 ο.(λ“ολ.19υβλῦι.)Διήγησις
804 4190 1067 4271 διαλαμβάνουσα
1094 4193 1165 4271 περὶ
1190 4195 1256 4256 τῶν
1283 4192 1383 4269 ἁγίων
1406 4195 1456 4257 καὶ

215 4313 351 4375 σεπτιῦν
373 4307 508 4373 είκόνων
530 4307 581 4370 καὶ
599 4305 691 4381 ὅπως
711 4307 761 4368 καὶ
785 4305 823 4368 δι’
839 4308 877 4385 ἢν
900 4308 1000 4372 αἰτίαν
1014 4309 1191 4387 παρέλαβεν
1207 4308 1356 4373 ἐπιτελεῖν
1371 4315 1409 4393 τῇ
1426 4309 1455 4372 α’

213 4429 351 4505 κυριακῇ
378 4427 444 4486 τῶν
464 4425 624 4502 νηστειῶν
646 4421 664 4500 ἡ
689 4419 762 4497 ἁγία
785 4423 835 4485 καὶ
850 4426 1000 4502 καθολική
1017 4424 1167 4502 ἐκκλησία
1188 4425 1246 4502 τήν
1262 4426 1385 4502 μνήμην
1399 4429 1457 4502 τῆς

213 4539 422 4620 ἀρθοδοξίυς.
1033 4540 1169 4623 Κυριακή
1186 4544 1242 4618 τῆς
1253 4540 1456 4618 ἀρθοδοξίας.

385 4653 440 4709 Ιιιο.
453 4655 510 4721 Τῆς
522 4653 666 4721 είδωλικής
679 4654 781 4717 ἀχλῦος
794 4653 980 4721 ἀπελαθείσης
994 4655 1038 4709 καί
1055 4660 1105 4722 τής
1119 4655 1293 4720 θεογνωσίας
1302 4684 1335 4694 -
1348 4655 1408 4708 Des.
1421 4657 1456 4709 οῦ

353 4754 393 4818 δέ,
406 4752 430 4806 ιΙι
442 4752 566 4820 μακαρία
575 4752 655 4819 τρίας
666 4754 684 4820 ἡ
697 4750 909 4816 ἀδιαλείπτως...
922 4753 1003 4820 ἀμήν.
