3284 5536
519 342 720 404 σωκ-νην.
748 336 860 396 ταῦτα.
889 366 934 373 -
961 344 1039 396 con.
1068 345 1126 409 ιιι.
1391 325 1443 399 45

207 548 239 586 ex
253 531 375 586 homiliis
383 533 605 602 &Chrysostomi
617 534 766 601 (1151320,
778 535 804 588 S.
814 534 1000 603 chrysostomi
1012 535 1046 589 de
1058 534 1179 589 Iohanne
1190 536 1263 604 δορί.
1278 533 1405 601 (zoe-215)
1415 537 1441 587 et

206 629 329 683 Iohanne
341 647 384 685 ev.
396 630 545 698 (ἰαί-λάθ’),
557 631 691 687 Iohannis
703 632 867 691 Damasceni
878 633 912 686 de
924 632 1094 687 Dormitione
1106 634 1136 686 B.
1148 634 1182 687 Μ.
1195 633 1226 687 V.
1238 633 1366 697 (308391)
1379 652 1385 685 :

248 785 279 841 1.
303 778 385 860 (Fol.
400 779 534 864 3Q32v.)
548 780 615 846 Τοῦ
631 780 665 844 ἐν
681 779 781 858 ἁγίοις
794 781 917 858 πατρὸς
931 781 1022 859 ἡμῶν
1037 779 1223 845 Ἀθανασίον
1239 779 1438 859 ἀρχιεπισκό·

201 914 267 957 που
280 892 510 974 Ἀλεξανδρείας
522 897 620 975 λόγος
633 898 703 975 περὶ
719 902 775 975 τῆς
790 897 825 961 ἐν
840 898 974 980 Βηρύτῳ
991 897 1116 975 εἰκόνος
1132 901 1190 961 τοῦ
1214 897 1326 976 κυρίου
1348 896 1439 974 ἡμῶν

200 1008 329 1088 Ἰησοῦ
351 1011 503 1090 Χριστοῦ.
521 1012 659 1078 =B1a.

244 1134 277 1192 2.
300 1127 531 1213 (F01.3352v.)
560 1131 635 1208 Βίος
660 1132 710 1194 καί
731 1131 873 1194 πολιτεία
898 1135 954 1209 τῆς
983 1130 1077 1208 ὁσίας
1110 1131 1255 1209 Μαρίας
1273 1186 1276 1193 .
1291 1137 1347 1210 τῆς
1375 1131 1438 1195 ἀπὸ

198 1243 373 1322 ἑταιρίδων
384 1244 487 1324 ὁσίως
501 1245 697 1324 ἀσκησάσης
709 1248 787 1310 κατὰ
798 1249 855 1324 τήν
871 1247 991 1324 ἔρημον
1006 1250 1064 1311 τοῦ
1077 1246 1251 1324 Ἰορδάνου,
1264 1249 1296 1311 et
1308 1246 1342 1311 in
1352 1266 1439 1311 mar·

199 1359 276 1442 gine
301 1379 373 1442 sup.
401 1364 604 1441 συγγραφεὶς
627 1363 715 1440 παρὰ
729 1367 788 1426 τοῦ
814 1362 848 1427 ἐν
864 1363 965 1441 ἁγίοις
986 1365 1108 1441 πατρὸς
1132 1363 1222 1442 ἡμῶν
1242 1364 1438 1440 Σωφρονίου

199 1475 403 1555 πατριάρχου
418 1477 662 1556 Ἱεροσολύμων.
679 1510 716 1530 =
729 1479 765 1543 B.

246 1599 278 1656 3.
301 1592 381 1674 (Pol.
397 1593 516 1675 74-85.)
529 1595 603 1672 Βίος
618 1596 667 1658 καί
681 1596 824 1659 πολιτεία
838 1599 897 1658 τοῦ
921 1595 1017 1659 ὁσίου
1033 1596 1156 1674 πατρὸς
1171 1597 1260 1673 ἡμῶν
1282 1595 1438 1660 Ἀλεξίου

201 1711 264 1771 τοῦ
277 1707 455 1787 ἀνθρώπου
466 1714 527 1774 τοῦ
544 1711 639 1775 Θεοῦ.
656 1744 689 1763 =
704 1711 771 1775 132.

245 1831 280 1888 4.
305 1825 344 1908 (F
345 1824 386 1889 ol.
404 1824 464 1890 104
481 1825 563 1906 114.)
577 1825 765 1905 Ὑπάμνημα
777 1827 992 1906 διαλαμβάνον
1004 1832 1141 1905 μερικῶς
1152 1830 1230 1904 τοὺς
1247 1827 1376 1904 ἀγῶνας
1389 1831 1437 1890 καί

202 1940 286 2004 ἆθλα
301 1943 351 2004 καὶ
366 1941 545 2020 ἀποδημίας
571 1944 621 2006 καὶ
636 1944 800 2007 τελείωσιν
820 1947 886 2007 τῶν
908 1942 1007 2020 ἁγίων
1023 1945 1072 2006 καὶ
1093 1943 1283 2022 κορυφαίων
1299 1942 1439 2007 ἀποστό·
1531 1940 1542 1965 ”

202 2061 272 2120 λων
291 2057 444 2136 Πέτρου
475 2059 524 2121 καὶ
550 2058 718 2123 Παύλου.
733 2059 849 2123 =B3.
1318 2059 1357 2123 29
1372 2059 1439 2124 Iun.

245 2179 278 2237 5.
301 2170 381 2255 (Ful.
399 2171 639 2255 131-138.)Τοῡ
655 2172 941 2251 ένὰγίοιςπατρὸς
957 2174 1048 2251 ἡμῶν
1067 2174 1244 2251 Γρηγορίου
1261 2173 1438 2237 ἐπισκόπου

205 2287 317 2366 Νύσης
338 2288 497 2366 ἐγκώμιον
512 2288 556 2365 εἰς
571 2288 628 2352 τόν
644 2288 735 2365 άγιον
753 2289 1020 2368 μεγαλομάρτυρα
1042 2293 1100 2352 τοῦ
1123 2288 1264 2367 Χριστοῦ
1291 2289 1439 2354 Θεόδω-

206 2424 266 2481 ρον
280 2404 338 2467 τόν
352 2406 492 2483 τήρωνα.
503 2403 574 2469 =B
588 2404 617 2468 β.
978 2405 1134 2486 Σαββάτῳ
1150 2404 1178 2466 α’
1193 2408 1259 2468 τῶν
1274 2410 1439 2483 νηστειιῦν.

247 2526 280 2584 6.
302 2518 383 2602 (Fol.
397 2520 573 2603 2872295.)
598 2520 757 2599 Διήγησις
783 2522 948 2599 ὠφέλιμος
974 2521 1008 2583 ἐκ
1033 2523 1169 2598 παλαιάς
1195 2520 1339 2599 ἱστορίας
1364 2526 1440 2586 συλ-

206 2639 337 2712 λεγεῑσα
364 2637 413 2700 καὶ
438 2636 616 2715 ἀνάμνησιν
634 2640 783 2715 δηλοῦσα
796 2641 856 2700 τοῦ
871 2637 1058 2715 παραδόξου
1082 2638 1257 2716 γενομένου
1275 2639 1441 2716 θαύματος

207 2753 297 2830 ἡνίκα
311 2753 438 2831 Πέρσαι
455 2755 504 2816 καὶ
520 2752 675 2832 βάρβαροι
690 2754 748 2830 τήν
768 2753 915 2831 βασιλίδα
936 2754 1055 2831 ταύτην
1076 2755 1206 2836 πολέμῳ
1229 2755 1438 2830 περιεκύκλω-

207 2868 317 2942 σαν,οί
329 2870 379 2932 καί
391 2867 562 2933 ἀπώλοντο
578 2869 664 2946 θείας
679 2869 768 2946 δίκης
783 2869 1021 2947 πειραθέντεςὴ
1035 2871 1071 2932 δὲ
1085 2869 1177 2946 πόλις
1192 2867 1306 2946 ἀσινὴς
1321 2884 1440 2946 συντη-

208 2985 345 3059 ρηθεῑσα
359 2982 543 3060 πρεσβείαις
554 2987 611 3061 τῆς
626 2981 820 3045 Θεοτόκου
838 2981 977 3059 ἐτησίως
989 2983 1096 3045 ἔκτοτε
1108 2981 1176 3065 ᾄδει
1189 2982 1440 3060 εύχαριστήριον,

207 3097 383 3161 ἀκάθιστον
395 3099 515 3177 ἡμέραν
528 3097 805 3174 κατονομάζουσα.
820 3120 854 3140 =
867 3097 894 3162 B
909 3097 958 3161 59.

774 3397 879 3469 817.

240 3589 313 3644 Olim
326 3577 612 3643 1·ὀιι1οδ1ἀιιόαιιείαιιἢ
624 3590 681 3654 όῧ,
693 3593 791 3657 postea
801 3590 902 3657 Regius
914 3607 963 3655 ινι,
975 3593 1016 3654 56,
1028 3592 1098 3645 1897.

238 3688 415 3753 chartaceus,
425 3687 553 3742 soliorum
564 3688 622 3753 214,
632 3689 728 3752 0¹¹²‚330
742 3697 767 3747 ><
779 3690 881 3753 00320,
894 3689 972 3743 lineis
981 3689 1078 3758 plenis,
1089 3694 1216 3744 exaratus
1224 3706 1294 3744 saec.
1307 3689 1377 3744 xvl.

251 3845 282 3904 1.
306 3837 387 3919 (Fol.
404 3837 578 3920 103-131v.)
606 3838 753 3915 Βίοςτοῦ
770 3838 804 3901 ἐν
823 3839 926 3917 ἁγίοις
948 3839 1072 3917 πατρὸς
1095 3839 1185 3916 ἡμῶν
1221 3839 1442 3918 Γρηγορίου,

210 3954 389 4018 ἐπισκόπου
403 3953 547 4030 Νύσσης.

374 4069 429 4121 Ine.
446 4069 519 4135 Καλή
533 4070 583 4135 μὲν
595 4069 654 4135 έμοί
666 4069 712 4122 καί
724 4070 895 4137 ὀφειλομένη
912 4075 970 4124 τιῦν
982 4073 1136 4138 παρόντων
1148 4073 1243 4136 λόγων
1255 4074 1272 4139 ἡ
1286 4073 1443 4135 ὑπόθεσις...

339 4197 373 4206 -
384 4168 446 4222 Des.
456 4169 524 4222 ἔνθα
536 4173 587 4236 τῆς
599 4174 658 4222 τιῦν
667 4169 820 4235 ἀγωγίμων
833 4171 946 4237 ἀρετῶν
958 4172 1156 4237 ταμιεύσεως...
1169 4173 1251 4239 ἀμήν.

248 4274 280 4333 2.
304 4267 342 4350 (F
343 4267 383 4331 ol.
402 4267 560 4350 134-146.)
574 4268 641 4331 Τοῦ
658 4269 858 4347 σοφωτάτου
876 4271 924 4332 καὶ
943 4271 1142 4345 λογιωτάτου
1159 4276 1261 4349 κυροῦ
1277 4272 1441 4336 Ματθαίου

207 4389 267 4450 τοῦ
283 4384 494 4462 Καμαριύιτου
518 4383 674 4461 ἐγκώμιον
690 4385 735 4462 είς
750 4387 827 4463 τοῦς
842 4387 955 4463 ἁγίους
972 4390 1056 4465 τρεῖς
1071 4387 1217 4465 ίεράρχας
1247 4388 1444 4450 Βασίλειον

207 4503 265 4565 τόν
279 4501 388 4579 μέγαν,
402 4499 577 4577 Γρηγόριον
592 4501 648 4563 τόν
664 4501 821 4577 θεολόγον
837 4504 886 4564 καὶ
902 4500 1050 4579 Ἰωάννην
1064 4503 1121 4565 τὸν
1137 4501 1381 4579 Χρυσόστομον.

372 4615 428 4669 luc.
449 4614 530 4681 Εῐπερ
543 4615 611 4668 ἀλλο
631 4631 658 4668 τι
670 4618 729 4679 τοῖς
747 4620 799 4669 τοῦ
819 4617 908 4681 λόγου
930 4619 1116 4682 θεραπευταῖς
1129 4645 1160 4653 -
1173 4617 1234 4669 Des.
1247 4615 1271 4668 εί
1288 4615 1333 4668 καί
1353 4616 1444 4680 άλλως

341 4715 405 4779 ύμῖν
418 4714 502 4767 οὐδέν
512 4730 539 4766 τι
550 4714 743 4780 προσήκομεν·
755 4714 887 4781 λατρείαν
899 4717 1041 4782 ἄμωμον...
1051 4715 1132 4782 ἀμήν.
