3284 5536
517 379 607 433 οιοι.
634 379 715 431 πυτ.
743 379 855 432 mus,
884 401 932 411 -
958 379 1037 432 coo.
1064 379 1123 432 ουτ.
1390 360 1438 433 ἁό

241 579 275 636 5.
293 569 373 653 (Fol.
386 570 562 654 mlv.)
573 571 760 649 Μαρτῦριον
772 575 837 634 τιῦν
854 571 954 646 ἁγίων
970 573 1020 634 καὶ
1032 570 1174 635 ἐνδόξων
1189 572 1362 650 μαρτύρων
1377 577 1436 636 τοῦ

202 686 340 764 Χριστοῦ
363 685 615 765 Εὐστρατίου,
630 686 812 759 Αὐξεντίου,
825 685 989 762 Εὐγενίου,
1002 686 1192 765 Μαρδαρίου
1206 687 1255 749 καὶ
1267 685 1437 764 Ὀρέστου.

206 801 287 866 =B.

242 925 275 982 6.
300 919 380 1000 (Fol.
408 918 584 996 213-218v.)
614 918 766 996 Κοίμησις
791 923 848 997 τῆς
874 919 1048 995 δεσποίνης
1077 918 1168 996 ἡμῶν
1196 918 1353 982 θεοτόκου
1388 920 1437 982 καί

201 1034 413 1113 ἀειπαρθένου
451 1035 606 1113 Μαρίας
639 1038 868 1112 συγγραφεῑσα
898 1034 961 1096 ῦπὸ
1000 1032 1148 1097 Ἰωάννου
1183 1033 1435 1111 ἀρχιεπισκόπου

202 1152 454 1228 Θεσσαλονίκης.
466 1182 499 1202 =
514 1150 541 1214 B
555 1151 607 1214 43.

366 1267 441 1320 Folia
453 1267 549 1322 ultima
561 1266 674 1320 omnino
688 1266 784 1320 mutila
795 1270 867 1320 sunt.

765 1563 870 1636 1395.

232 1757 303 1812 Olim
324 1758 480 1811 monasterii
499 1757 634 1824 Antigoni,
656 1757 719 1811 dein
732 1758 936 1812 Pantoeratoris
952 1759 979 1812 ίιι
1004 1764 1098 1814 monle
1111 1761 1184 1814 Atho
1202 1760 1288 1821 (som
1312 1765 1339 1814 et
1357 1761 1437 1825 W),

200 1862 296 1925 postea
308 1857 500 1919 marinaeus,
513 1856 611 1910 deinde
625 1856 725 1924 Regius
736 1857 812 1912 2029.

233 1956 373 2010 Foliorum
385 1957 442 2020 223,
453 1956 549 2019 0“,340
564 1964 589 2014 ><
603 1957 697 2021 oum
710 1956 781 2010 binis
793 1957 936 2021 columnis,
950 1962 1078 2011 exaratus
1090 1974 1162 2011 saec.
1174 1957 1218 2011 XL

232 2055 324 2109 Codici
335 2056 473 2123 praefixus
485 2059 527 2108 est
537 2055 627 2123 (ίοΜ)
637 2055 735 2109 unciali
757 2055 917 2110 charactere
927 2057 1010 2110 rubro
1022 2056 1123 2110 minori
1137 2056 1219 2110 index
1233 2056 1356 2111 vitarum
1368 2058 1436 2111 1-12:

198 2154 286 2210 Πίναξ
294 2156 410 2222 ἀκριβὴς
422 2158 472 2221 τῆς
481 2159 596 2222 γραφῆς
606 2160 658 2208 τοῦ
669 2154 782 2221 βιβλίου.
796 2156 829 2208 Et
840 2155 868 2208 in
877 2155 932 2209 fine
943 2174 949 2208 :
960 2154 1047 2221 Ὁμοῦ
1060 2157 1140 2221 λόγοι
1149 2160 1209 2209 τῶν
1227 2158 1438 2223 μεταφράσεων

200 2259 250 2308 τοῦ
262 2253 419 2321 Νοεμβρίου
433 2256 520 2322 μηνός
532 2259 585 2309 τοῦ
598 2255 735 2321 δευτέρου
749 2254 854 2321 βιβλίου
873 2255 913 2321 ιβ’.

243 2412 272 2466 1.
294 2403 375 2485 (Fol.
390 2403 504 2486 5-31'.)
518 2404 585 2467 Τοῦ
605 2403 640 2468 ἐν
660 2403 763 2482 ἁγίοις
784 2405 908 2482 πατρὸς
930 2405 1021 2483 ἡμῶν
1043 2405 1232 2483 Γρηγορίου,
1253 2405 1436 2469 ἐπισκόπου

203 2519 320 2597 Νύσης,
349 2521 394 2597 εἰς
423 2521 480 2583 τὸν
506 2520 575 2597 βίον
600 2521 649 2582 καὶ
677 2520 717 2582 τὰ
744 2521 890 2596 θαύματα
912 2523 971 2584 τοῦ
999 2521 1033 2583 ἐν
1060 2520 1161 2598 ἁγίοις
1191 2523 1313 2600 πατρὸς
1344 2523 1434 2600 ἡμῶν

202 2635 418 2714 Γρηγορίου,
440 2636 619 2699 ἐπισκόπου
636 2635 895 2713 Νεοκαισαρείας,
911 2639 970 2699 τοῦ
988 2640 1256 2714 θαυματουργοῦ.
1271 2675 1304 2694 =
1318 2637 1354 2701 B.

1285 2752 1438 2820 Nov.17.

239 2874 271 2932 2.
293 2866 373 2950 (Pol.
388 2866 507 2949 3238.)
522 2867 707 2945 Μαρτῦριον
722 2871 781 2930 τοῦ
798 2866 892 2943 ἁγίου
909 2867 1192 2946 μεγαλομάρτυρος
1213 2867 1429 2944 Πλάτωνος.

201 2984 331 3048 =5802.
1285 2982 1365 3047 Nov.
1383 2984 1432 3047 18.

239 3108 271 3166 3.
293 3100 373 3184 (Fol.
389 3100 524 3179 38244v.)
540 3101 614 3177 Βίος
636 3102 684 3163 καὶ
704 3102 844 3164 πολιτεία
858 3104 916 3163 τοῦ
940 3100 1036 3164 ὁσίου
1059 3102 1181 3179 πατρὸς
1202 3101 1291 3179 ἡμῶν
1316 3099 1432 3178 Ἀμφι-

201 3218 337 3295 λοχίου,
364 3216 543 3280 ἐπισκόπου
559 3217 735 3293 γενομένου
752 3216 891 3281 Ἰκονίου.
907 3215 1021 3280 :132
1284 3215 1364 3280 Νον.
1380 3217 1430 3280 ἁῦ.

238 3340 271 3396 4.
294 3331 374 3416 (Fol.
388 3332 521 3414 ἁλλ’-78.)
537 3333 611 3409 Βίος
633 3333 683 3395 καί
703 3333 844 3395 πολιτεία
858 3335 917 3395 τοῦ
934 3331 1032 3395 ὁσίου
1048 3334 1170 3411 πατρὸς
1185 3332 1275 3410 ἡμῶν
1296 3333 1432 3410 Γρηγο·
1453 3351 1454 3354 ’

202 3449 292 3526 ρίου,
317 3448 497 3512 ἐπισκόπου
514 3447 769 3525 Ἀκραγαντίνων.
786 3485 819 3504 =
833 3447 860 3511 B
872 3448 901 3511 ἁ.
1283 3447 1364 3512 Νον.
1380 3448 1431 3512 ἁ3.

238 3573 270 3629 5.
294 3563 374 3643 (Fol.
391 3563 538 3646 78V-88v.)
565 3564 750 3642 Μαρτύριον
768 3568 825 3642 τῆς
850 3563 942 3642 ἁγίας
965 3568 1014 3627 καὶ
1031 3564 1208 3628 καλλινίκου
1232 3564 1432 3644 μεγαλομὰρ-

200 3699 295 3757 τυρος
309 3681 369 3742 τοῦ
383 3677 523 3756 Χριστοῦ
550 3666 772 3757 Αίκατερίνη
784 3700 809 3756 ς.
825 3696 856 3719 ·-·
871 3678 908 3742 Β.
1287 3677 1368 3743 Nov.
1383 3680 1433 3743 24.

238 3802 270 3859 6.
292 3794 373 3865 (Fol.
398 3794 538 3876 89-138.)
564 3795 638 3871 Βίος
662 3798 720 3857 τοῦ
744 3794 836 3871 ἁγίου
865 3795 1098 3873 ίερομὰρτυρος
1121 3794 1343 3875 Κλήμεντος,
1370 3796 1433 3858 ἐπι-

201 3910 325 3974 σκόπου
342 3909 476 3986 Ῥώμης,
489 3912 633 3985 μαθητοῦ
649 3912 708 3972 τοῦ
721 3908 814 3985 ἁγίου
828 3911 1016 3973 ἀποστόλου
1032 3909 1171 3987 Πέτρου.
1184 3942 1216 3961 =
1230 3909 1257 3973 B
1269 3910 1320 3974 2a.

1283 4024 1363 4087 Nov.
1379 4025 1430 4088 25.

237 4147 270 4203 7.
292 4139 373 4222 (Fol.
390 4138 549 4221 138-146.)
564 4139 752 4217 Μαρτῦριον
772 4141 831 4201 τοῦ
855 4137 947 4213 ἁγίου
972 4119 1204 4216 ἱερομὰρτυρος
1228 4140 1277 4202 καὶ
1297 4139 1432 4218 ἀρχιεπι·

201 4256 325 4319 σκόπου
342 4255 575 4333 Ἀλεξανδρείας
600 4254 759 4333 Πέτρου.
774 4253 857 4317 =B.
1285 4254 1366 4318 Nov.
1382 4257 1431 4320 95.

236 4378 269 4436 8.
291 4370 371 4453 (Fol.
399 4370 557 4450 146154.)
587 4371 773 4448 Μαρτῦριον
797 4373 857 4433 τοῦ
887 4368 980 4446 ἁγίου
1012 4369 1297 4448 μεγαλομὰρτυρος
1334 4371 1431 4449 Μερ-

200 4489 365 4567 κουρίου.
380 4512 413 4535 --
428 4487 513 4551 579⁸.
1282 4487 1362 4552 Nov.
1378 4488 1428 4552 26.

235 4611 267 4669 9.
288 4603 368 4687 (Fol.
400 4602 587 4685 154v-165v.)
616 4603 690 4680 Βίος
718 4604 768 4665 καὶ
796 4604 936 4666 πολιτεία
953 4606 1023 4666 τοῦ
1054 4602 1150 4668 δσίου
1180 4604 1304 4681 πατρὸς
1335 4604 1428 4682 ἡμῶν

199 4718 374 4784 Ἀλυπίου.
395 4744 422 4763 =
437 4718 522 4782 579⁰.
1284 4718 1365 4783 Nov.
1381 4721 1430 4784 26.

1274 4845 1279 4856 “
1316 4839 1332 4890 3
