3284 5536
344 377 435 427 BIBL.
462 376 542 427 ΝΑΤ.
570 375 684 429 PARIS.
707 396 753 406 -
780 377 858 427 COD.
886 377 996 428 COISL.
1024 376 1082 428 ³07.
1259 356 1329 428 349

138 570 194 628 27.
217 564 296 648 (Fol.
308 564 484 647 361v-371.)
497 565 684 642 Μαρτόριον
695 569 755 629 τοῦ
772 566 866 642 ἁγίου
880 567 927 628 καὶ
942 566 1075 630 ἐνδόξου
1093 566 1329 643 μεγαλομάρτυ-

97 700 156 757 ρος
172 683 220 743 καί
236 681 484 759 τροπαιοφόρου
509 682 706 759 Γεωργίου.
723 715 761 733 =
777 682 803 745 B
818 682 844 744 1.
1189 682 1267 763 Αρτ.
1279 681 1329 744 04.

137 801 193 860 28.
216 796 254 879 (F
255 796 295 860 ol.
311 796 471 879 371-375.)
497 797 564 860 Τοῦ
581 797 614 860 ἐν
634 798 736 874 ἁγίοις
750 799 872 874 πατρός
890 797 979 875 ἡμῶν
996 798 1171 874 Γρηγορίου
1196 797 1329 875 ἀρχιεπι-

96 912 223 974 σκόπου
242 912 485 991 Θεσσαλονίκης
497 912 600 990 ὁμιλία
613 914 657 991 είς
669 916 726 976 τὸν
739 913 830 989 άγιον
842 912 1028 977 ἀπόστολον
1041 916 1089 975 καὶ
1103 913 1330 991 εὐαγγελιστήν

96 1029 206 1111 καὶτῷ
222 1028 349 1111 Χριστῷ
365 1028 485 1106 ἐξόχως
506 1029 712 1107 ἠγαπημένον
737 1029 912 1107 Ἰωάννην
934 1031 990 1093 τὸν
1013 1030 1178 1105 θεολόγον,
1194 1029 1228 1091 ἐν
1245 1029 1263 1112 ᾗ
1281 1031 1330 1091 καὶ

94 1146 165 1222 περὶ
179 1149 236 1221 τῆς
251 1145 296 1221 εἰς
313 1146 370 1208 τόν
385 1145 469 1208 Θεὸν
484 1146 606 1208 καὶτὸν
621 1146 760 1223 πλησίον
775 1144 908 1222 ἀγάπης.
1213 1144 1285 1208 Μαί.
1299 1145 1329 1209 8.

258 1260 313 1312 lnc.
324 1257 440 1326 Ἐορτήν
449 1261 554 1324 ἀγομεν
568 1261 692 1327 σήμερον
702 1261 764 1324 ἑνός
773 1260 936 1326 προκρίτων
949 1261 1119 1314 ἀποστόλων
1128 1261 1277 1326 Χριστοῦ...

135 1364 193 1422 23.
215 1357 295 1439 (Fol.
317 1357 493 1441 375383v.)
519 1359 624 1436 Λόγος
647 1359 873 1437 διαλαμβάνων
892 1361 963 1436 περὶ
986 1365 1042 1436 τῆς
1062 1361 1257 1436 συλλήψεως
1279 1361 1329 1422 καὶ

94 1475 278 1551 γεννήσεως
294 1476 343 1536 καί
359 1480 414 1551 τῆς
429 1478 541 1552 λοιπῆς
555 1477 713 1552 πολιτείας
729 1477 778 1537 καὶ
794 1478 852 1539 τοῦ
870 1477 982 1553 τέλους
997 1478 1056 1539 τοῦ
1070 1474 1162 1551 ἁγίου
1176 1477 1226 1538 καὶ
1239 1475 1328 1539 ἐνδό·

95 1594 153 1655 ξου
169 1592 344 1668 προφήτου
361 1592 410 1652 καὶ
428 1594 603 1668 βαπτιστοῦ
626 1590 811 1654 Ἰωάννου.
827 1620 859 1642 =
877 1591 992 1654 147412.
1196 1591 1261 1654 lun.
1278 1591 1328 1655 04.

262 1708 293 1759 In
306 1706 428 1772 margine
442 1725 448 1758 ι
468 1705 627 1772 Σημείωσαι
640 1707 790 1771 τὸνλόγον
808 1710 858 1772 τῆς
871 1707 1015 1773 εὑρήσεως
1033 1710 1084 1772 τῆς
1101 1705 1192 1771 τιμίας
1206 1710 1330 1773 κεφαλῆς

227 1806 285 1859 ἐστι
293 1805 488 1871 γεγραμμένος
501 1807 617 1858 ὄπισθεν
630 1805 817 1872 φευρουαρίιρ
831 1805 879 1858 κδ’.
890 1806 942 1859 Οίτ.
954 1822 1036 1873 supra
1045 1822 1071 1860 n.
1083 1806 1125 1859 03.

136 1926 193 1983 30.
215 1919 293 2001 (Fol.
310 1918 483 2001 3832393.)
509 1918 695 1997 Ὑπάμνημα
711 1920 924 1998 διαλαμβάνον
950 1925 1085 1998 μερικῶς
1099 1923 1178 1997 τοὺς
1201 1921 1329 1998 ἀγῶνας

96 2037 145 2098 καὶ
160 2036 199 2098 τά
213 2034 303 2110 άθλα,
316 2036 497 2114 ἀποδημίαν
512 2055 545 2098 τε
557 2037 606 2098 καὶ
617 2037 780 2099 τελείωσιν
794 2039 860 2098 τῶν
876 2034 984 2112 ἁγίων,
991 2035 1134 2100 ἐνδόξων
1150 2039 1199 2098 καί
1212 2057 1329 2100 πανευ·

95 2153 214 2230 φήμων
222 2151 419 2215 ἀποστόλων
430 2153 478 2214 καὶ
491 2152 681 2230 κορυφαίων
695 2151 845 2230 Πέτρου
863 2151 1192 2215 καὶΠαῦλου.εΒ3.
1206 2152 1328 2217 Ιαιιάθ.

136 2288 193 2346 31.
216 2281 294 2364 (Fol.
309 2282 499 2365 393v-396v.)
520 2282 587 2346 Τοῦ
603 2282 637 2345 ἐν
652 2283 754 2360 ἁγίοις
775 2283 896 2360 πατρὸς
919 2283 1009 2360 ἡμῶν
1024 2281 1174 2346 Ἰωάννου
1191 2283 1328 2361 ἀρχιεπι-

98 2398 226 2463 σκόπου
254 2399 625 2477 Κωνσταντινουπόλεως
650 2402 709 2462 τοῦ
732 2399 971 2476 Χρυσοστόμου
1004 2399 1161 2477 ἐγκώμιον
1181 2401 1225 2476 είς
1247 2402 1325 2477 τοὺς

97 2513 217 2591 ἁγίους,
240 2514 395 2591 ἐνδόξους
430 2517 479 2577 καὶ
514 2516 749 2592 πανευφήμους
785 2515 988 2592 κορυφαίους
1024 2518 1089 2578 τῶν
1125 2514 1320 2578 ἀποστόλων

95 2631 246 2708 Πέτρου
271 2633 320 2692 καὶ
335 2631 543 2694 Παῦλουὲ
561 2630 663 2694 14476.
1198 2631 1265 2694 Iun.
1278 2631 1327 2694 99.

137 2760 194 2819 32.
216 2754 254 2837 (F
255 2754 295 2817 ol.
317 2754 491 2835 396v-398.)
515 2755 581 2817 Τοῦ
609 2754 642 2817 ἐν
659 2755 761 2831 ἁγίοις
784 2755 906 2831 πατρὸς
921 2754 1011 2832 ἡμων
1029 2755 1176 2818 Ἰωάννου
1192 2753 1326 2832 άρχιεπι·

95 2871 221 2935 σκόπου
239 2870 609 2948 Κωνσταντινουπόλεως
622 2874 680 2934 τοῦ
689 2870 926 2947 Χρυσοστόμου
939 2870 1037 2947 λόγος
1052 2872 1096 2947 είς
1111 2872 1189 2947 τοὺς
1204 2871 1327 2947 ἁγίους,

95 2987 247 3063 ἐνδόξους
262 2989 311 3049 καί
325 2988 561 3064 πανευφήμους
584 2988 731 3050 δώδεκα
752 2986 1006 3063 ἀποστόλους.
1022 3008 1055 3028 =
1071 2985 1173 3049 1447⁰.
1196 2985 1262 3050 lun.
1275 2986 1325 3050 30.

135 3127 193 3184 33.
215 3119 293 3201 (Fol.
307 3119 467 3200 398410.)
480 3120 553 3197 Βίος
570 3121 619 3182 καὶ
630 3121 770 3183 πολιτεία
782 3122 840 3182 τοῦ
854 3119 949 3182 ὁσίου
964 3121 1012 3181 καὶ
1024 3118 1191 3197 θεοφόρου
1205 3120 1327 3196 πατρὸς

95 3235 184 3312 ἡμῶν
206 3234 357 3310 Πέτρου
382 3237 440 3296 τοῦ
456 3232 634 3296 Ἀθωνίτου.
1193 3231 1261 3295 Iun.
1279 3231 1326 3294 12.

257 3346 362 3400 1ου.Το
374 3347 442 3410 τοὺς
455 3352 513 3400 τῶν
525 3346 614 3412 ἁγίων
628 3345 704 3412 βίους
718 3345 762 3398 καί
773 3347 826 3412 τήν
836 3347 932 3399 αὐτῶν
945 3347 1063 3412 θεοφιλῆ
1075 3344 1218 3398 πολιτείαν
1229 3345 1328 3410 ἐγγρά-

225 3463 289 3512 φως
298 3475 332 3484 -
344 3447 405 3499 Des.
418 3446 463 3499 καί
474 3447 527 3513 τήν
538 3447 659 3513 πρώτην
672 3446 716 3499 καί
734 3447 823 3512 μόνην
845 3446 1052 3512 μακαριότητα·
1066 3444 1098 3511 ής
1119 3445 1328 3511 ἀξιωθείημεν...

226 3547 243 3599 ἀ
271 3547 308 3599 ’ν.

135 3651 192 3708 34.
214 3564 293 3726 (Ιίόί.
308 3644 484 3727 4100400.)
500 3644 678 3723 Θεοδώρου
694 3645 918 3723 πρεσβυτέρου
931 3649 988 3723 τῆς
1003 3643 1139 3722 μεγάλης
1156 3644 1327 3722 ἐκκλησίας

94 3758 192 3837 λόγος
207 3762 314 3838 δηλῶν
336 3762 393 3824 τόν
408 3759 526 3838 χρόνον
548 3762 670 3824 καὶτὸν
692 3759 814 3838 τρόπον
830 3760 899 3822 καθ’
922 3759 960 3823 ὃν
983 3760 1173 3838 ἐφανερώθη
1200 3760 1219 3837 ἡ
1246 3760 1327 3837 τιμία

95 3877 195 3953 ἐσθης
219 3881 277 3954 τῆς
304 3876 476 3954 ὑπεραγίας
505 3877 680 3953 δεσποίνης
701 3876 792 3954 ἡμῶν
815 3874 1020 3950 Θεοτόκου,
1043 3877 1093 3938 καί
1119 3875 1209 3952 ὅπως
1232 3876 1266 3939 ἐν
1288 3881 1325 3958 τῇ

96 3993 231 4071 βασιλίδι
245 3996 311 4055 τῶν
323 3991 449 4055 πόλεων
464 3993 672 4070 μετεκομίσθη
690 3992 788 4056 καὶέν
805 3993 994 4070 Βλαχέρναις
1009 3994 1168 4070 κατετέθη,
1184 3991 1276 4069 ὅπως
1290 4011 1324 4055 τε

95 4111 338 4187 μετακινηθεῑσα
352 4108 387 4172 ἐκ
401 4128 490 4185 τινος
506 4108 654 4186 ἐπηρείας
676 4107 767 4186 αὖθις
783 4109 877 4191 ἐντῷ
895 4107 981 4191 αὐτῷ
998 4108 1087 4191 τόπῳ
1105 4110 1326 4172 κατατέθειται.

98 4255 131 4275 =
149 4224 241 4288 1356.
1226 4224 1281 4289 Iul.
1296 4225 1326 4289 2.

135 4364 192 4422 35.
214 4355 294 4440 (Fol.
307 4355 484 4437 mov-437.)
499 4355 685 4433 Μαρτόριον
696 4359 755 4420 τοῦ
768 4354 861 4433 ἁγίου
877 4358 926 4419 καὶ
938 4356 1072 4422 ἐνδόξου
1087 4357 1327 4434 μεγαλομάρτυ-

94 4493 153 4553 ρος
174 4473 410 4550 Προκοπίου.
431 4503 461 4523 --
477 4471 504 4535 Β
518 4472 544 4534 1.
1224 4473 1325 4538 1u1.8.

134 4611 190 4670 36.
212 4603 250 4687 (F
252 4603 291 4668 ol.
302 4602 476 4685 437442'.)
491 4602 678 4680 Ὑπάμνημα
693 4604 737 4681 είς
756 4605 865 4681 μερικὰ
877 4603 1021 4681 θαύματα
1034 4605 1084 4666 καὶ
1107 4604 1220 4682 είςτήν
1237 4603 1325 4682 εόρε-

93 4736 146 4785 σιν
162 4722 211 4783 καί
226 4719 421 4798 ἀνακομιδήν
447 4722 505 4782 τοῦ
529 4718 686 4797 λειψάνου
710 4724 767 4798 τῆς
782 4718 872 4797 ἁγίας
888 4722 937 4783 καί
959 4721 1174 4800 πανευφήμου
1191 4725 1324 4800 μεγαλο·
