3284 5536
319 368 367 438 ω
589 388 1286 439 ωαωαωΜμ-ωωωωω

359 584 392 642 8.
415 576 493 658 (Pol.
508 577 662 658 195216.)
678 578 825 656 Ἀθλησις
847 581 906 640 τοῦ
922 578 1015 654 ἁγίου
1032 578 1317 656 μεγαλομιίιρτυρος
1340 578 1557 656 Παντελεή-

318 713 387 771 μον
396 713 450 771 ος.
483 775 538 827 lnc.
552 775 754 839 Βασιλεὺοντος
767 780 819 828 τοθ
832 777 1024 842 ἀσεβεστάτου
1043 776 1216 841 Μαξιμιανοῡ
1229 778 1343 829 πολλῶν
1360 793 1392 829 τε
1410 778 1446 829 τὸ
1459 780 1513 843 ζῆν
1525 806 1558 815 -

450 873 511 926 ὓαε.
531 875 753 940 καταφρονήσας
774 875 805 926 δὲ
822 876 913 940 πυρός
933 873 978 927 καὶ
991 875 1109 941 σιδήρου
1131 874 1176 927 καί
1194 874 1416 941 βασανιστηρίου
1436 876 1452 927 δ
1474 877 1556 939 ἅγιος

448 972 683 1038 Παντελεήμων...
697 972 778 1038 ἀμήν.

358 1075 391 1133 θ.
414 1068 492 1149 (Fol.
523 1069 696 1152 Qlssvffl.)
732 1070 806 1147 Βίας
838 1072 887 1133 καὶ
919 1071 1060 1134 πολιτεία
1084 1073 1144 1134 τοῦ
1171 1070 1268 1134 ὁσίου
1304 1073 1429 1148 πατρὸς
1460 1072 1555 1149 ἡμῶν

319 1182 644 1247 Νικολάου.-;Β4.

361 1321 415 1378 10.
438 1314 707 1397 (F01.947v-253.)
728 1315 795 1378 Τοῦ
819 1316 853 1379 ἐν
869 1316 971 1393 ἁγίοις
986 1317 1109 1393 πατρὸς
1130 1317 1221 1394 ἡμῶν
1236 1315 1393 1394 Ἀνδρέου,
1414 1317 1554 1396 ἀρχιεπι·

318 1429 445 1492 σκόπου
463 1429 592 1507 Κρήτης,
608 1430 765 1507 ἐγκώμιον
780 1430 825 1508 εἰς
842 1431 899 1494 τὸν
914 1431 1010 1494 ὅσιον
1025 1433 1147 1509 πατέρα
1168 1432 1259 1509 ήμῶν
1281 1432 1470 1496 Νικόλαον
1495 1435 1554 1496 τὸν

318 1545 352 1608 ἐν
367 1544 466 1626 Λυκίᾳ
481 1548 549 1622 τοῖς
564 1546 697 1622 Μύροις.
713 1545 782 1609 =B
798 1546 826 1609 8.

361 1683 415 1738 11.
438 1676 517 1756 (1²01.
532 1676 692 1759 253-271.)
706 1677 773 1740 Τοῦ
794 1677 827 1739 ἐν
849 1677 951 1753 ἁγίοις
972 1678 1094 1754 πατρὸς
1116 1678 1208 1755 ἡμῶν
1231 1677 1391 1750 Ἰωάννου,
1415 1678 1554 1756 ἀρχιεπι-

317 1791 445 1853 σκὸπου
472 1790 721 1868 Θεσσαλονίκης,
746 1791 845 1867 λόγος
869 1791 951 1854 πάνυ
974 1792 1137 1869 ὠφέλιμος
1163 1791 1207 1868 είς
1232 1794 1289 1868 τήν
1312 1793 1461 1870 κοίμησιν
1494 1799 1554 1871 τῆς

318 1904 490 1983 ἁπεραγίας
519 1906 693 1983 δεσποίνης
721 1906 811 1983 ἡμῶν
848 1905 1041 1968 Θεοτόκου
1079 1907 1128 1968 καὶ
1164 1905 1374 1984 ἀειπαρθένου
1413 1907 1553 1985 Μαρίας.

321 2050 352 2069 ==
368 2018 455 2082 1343.

361 2156 414 2214 12.
439 2149 518 2231 (Fol.
548 2151 738 2233 271v-284v.)
775 2151 888 2229 θαῦμα
923 2156 988 2215 τῶν
1024 2153 1125 2228 ἁγίων
1161 2151 1372 2231 δμολογητῶν
1399 2155 1553 2232 Γουρία,

317 2267 447 2343 Σαμονᾰ
463 2267 512 2328 καὶ
528 2265 658 2344 Ἀβίβου.
1328 2271 1332 2282 ’

481 2381 534 2434 Ine.
547 2381 685 2433 Τοιοῦτον
698 2382 748 2446 μὲν
761 2382 796 2448 δή
809 2381 854 2434 καί
866 2383 882 2433 δ
900 2380 1118 2448 μὰρτυςἊβιβος
1131 2381 1246 2435 ἐπὶτῶν
1264 2383 1385 2436 Λικινίου
1397 2388 1505 2450 καιρῶν
1519 2413 1555 2424 -

448 2479 509 2532 Des.
522 2479 567 2532 καί
578 2481 860 2546 προσκολληθήσεται
872 2485 906 2548 τῇ
916 2479 1026 2544 γυναικί
1039 2480 1128 2533 αὐτοῦ
1142 2480 1186 2533 καί
1199 2482 1312 2534 ἔσονται
1325 2483 1402 2535 δύο...
1417 2483 1500 2548 ἀμήν.

360 2603 415 2660 13.
437 2593 515 2675 (Fol.
532 2594 720 2676 284v-987'.)
734 2595 801 2658 Τοῦ
817 2594 913 2658 ὁσίου
936 2596 1058 2673 πατρὸς
1072 2595 1163 2672 ἡμῶν
1179 2598 1228 2658 καὶ
1244 2596 1449 2674 ἁμολογητοῡ
1468 2598 1547 2661 Θεο-

318 2712 439 2789 δώρου,
455 2712 638 2788 ἡγουμένου
654 2715 720 2773 τιίιν
734 2711 908 2782 Στουδίων,
924 2710 1081 2787 ἐγκώμιον
1097 2711 1141 2787 είς
1155 2713 1213 2788 τήν
1227 2710 1356 2788 εὓρεσιν
1371 2718 1428 2790 τῆς
1443 2715 1547 2790 τιμίας

317 2829 459 2904 κεφαλῆς
480 2829 539 2889 τοῦ
563 2827 655 2902 ἁγίου
671 2828 855 2904 προφήτου,
867 2827 1058 2903 προδρόμου
1085 2828 1134 2888 καὶ
1158 2830 1334 2903 βαπτιστοῦ
1357 2827 1549 2892 Ἰωάννου.

320 2970 353 2989 =
371 2939 437 3001 135.

361 3077 415 3132 14.
438 3069 516 3151 (Fol.
532 3069 717 3151 315¹-319'.)
733 3071 800 3132 Τοῦ
822 3071 855 3132 έν
871 3070 972 3146 ἁγίοις
986 3071 1108 3147 πατρὸς
1123 3070 1214 3147 ἡμῶν
1235 3071 1395 3147 Γερμανοῦ
1411 3070 1548 3149 ἀρχιεπι·

317 3185 444 3248 σκόπου
461 3185 830 3261 Κωνστανιινουιιόλεως
846 3186 895 3247 καὶ
907 3184 1111 3262 ὁμολογητοῦ
1127 3185 1225 3261 λόγος
1238 3185 1282 3261 εἰς
1297 3187 1354 3262 τήν
1371 3186 1549 3264 ὑπεραγίαι

318 3300 509 3364 Θεοτὸκον
531 3299 584 3362 ὅτε
599 3301 803 3377 προσηνέχθη
820 3301 853 3363 ἐν
874 3306 920 3382 τῷ
940 3306 1008 3382 ναῷ
1030 3301 1231 3378 τριετίζουσα
1259 3300 1322 3362 ὑπὸ
1341 3304 1407 3363 τῶν
1429 3301 1547 3380 ἑαυτῆς

317 3417 450 3490 γονέων.
465 3457 497 3476 =
513 3414 538 3476 B
553 3414 603 3477 21.

818 3743 904 3815 905
934 3744 1037 3816 908.
1147 3854 1151 3861 .

351 3972 478 4025 (ἱοόίαεαι
499 3974 556 4040 903,
575 3989 645 4025 saec.
665 3971 710 4036 XI,
734 3977 821 4025 tolum
840 3974 959 4041 complet
983 3973 1098 4026 historia
1120 3973 1196 4025 cuius
1218 3990 1279 4026 mox
1301 3974 1394 4027 titulus
1413 3976 1546 4042 sequitur:

318 4072 414 4126 ultima
423 4073 522 4125 desunt
533 4072 604 4125 solia.
616 4072 718 4124 Eadem
729 4071 826 4129 leoeitur
835 4071 862 4125 in
872 4072 949 4125 codd.
961 4072 1017 4135 θθλ,
1033 4089 1106 4124 saec.
1117 4071 1174 4137 xli,
1185 4074 1241 4135 ίλλί,
1254 4089 1324 4126 saec.
1336 4073 1391 4136 ΧΗ,
1404 4075 1461 4135 906,
1476 4092 1547 4127 επεν.

317 4169 375 4231 Xll,
389 4170 433 4222 ubi
444 4171 576 4238 acephala
589 4175 637 4234 est,
647 4171 703 4233 907,
713 4186 783 4224 saec.
793 4169 861 4233 XIV,
873 4171 931 4233 908,
944 4187 1014 4224 saec.
1027 4170 1096 4224 XVI.

359 4349 492 4427 Ἱστορία
515 4352 714 4428 ψυχωφελής
744 4350 778 4413 ἐκ
802 4355 858 4428 τῆς
880 4350 1052 4427 ἐνδοτέρας
1076 4355 1142 4414 τῶν
1167 4351 1328 4413 Αἰθιόπων
1356 4351 1463 4428 χώρας
1491 4356 1547 4429 τής

317 4463 423 4528 Ἰνδῶν
434 4466 586 4542 λεγομένη
602 4467 685 4543 πρὸς
699 4468 757 4542 τήν
773 4466 864 4541 ἁγίαν
879 4466 971 4529 πόλιν
983 4468 1202 4544 μετενεχθεῑσα
1215 4468 1265 4528 διὰ
1280 4465 1430 4529 Ἰωάννου
1449 4487 1545 4542 μονα·

316 4583 385 4656 χοῦ,
401 4579 520 4657 ἀνδρας
545 4581 646 4657 τιμίου
671 4582 720 4642 καὶ
736 4580 898 4657 ἐναρέτου,
914 4586 1015 4656 μονῆς
1037 4584 1096 4642 τοῦ
1120 4581 1213 4656 ἁγίου
1238 4580 1333 4657 Σάβα,
1350 4584 1383 4642 έν
1400 4582 1454 4662 ῇδ
1478 4583 1547 4658 βίος

318 4695 492 4772 Βαρλαάμ
515 4697 564 4756 καὶ
588 4694 750 4772 Ἰωάσαφ
772 4699 837 4759 τῶν
852 4694 1005 4772 ἀοιδίμων
1022 4697 1070 4758 καὶ
1086 4696 1259 4772 μακαρίων.
1273 4720 1302 4737 ==
1316 4695 1350 4757 Β.
