3284 5536
1335 334 1359 386 li

169 537 344 602 Peculiaris
357 559 488 621 quoque
502 537 586 602 ratio
599 537 740 601 ineunda
755 541 825 602 erat
836 537 1026 602 recensendi
1034 535 1157 618 ¹scripta
1171 536 1358 628 sanctorum

127 641 270 719 patrum,
287 659 380 720 quae,
399 644 434 703 ut
450 640 482 703 in
504 659 539 703 re
554 637 804 719 hagiographica
819 637 984 719 praecipui
997 639 1072 701 sunt
1087 636 1254 702 momenti.
1266 634 1311 699 ita
1326 637 1359 698 et

127 736 229 799 inutili
252 736 356 801 forent
369 736 612 819 impedimento,
628 737 655 799 si
670 757 709 800 ea
723 736 820 800 toties
835 735 952 800 afferre
965 754 1099 800 necesse
1120 738 1216 809 esset,
1232 732 1359 815 quoties

127 838 370 918 manuscripta
396 838 611 918 reperiuntur.
640 837 759 900 Parum
785 839 906 900 etenim
930 835 1223 918 hagiographorum
1250 831 1359 897 studia
1390 845 1392 849 ‘

126 935 253 998 iuvaret
268 937 323 1017 qui
339 937 560 1000 encomiorum
576 937 616 1000 de
631 936 751 1000 sanctis
766 956 786 1000 a
807 935 865 1000 SS.
885 935 1038 1017 Gregorio
1053 935 1213 1015 theologo,
1229 932 1358 1010 Basilio,

128 1033 283 1114 Gregorio
296 1035 324 1098 N
326 1036 603 1118 ysseno,lohanne
615 1035 847 1117 Chrysostomo
859 1034 994 1117 aliisque
1004 1034 1234 1100 celebrioribus
1249 1032 1360 1096 docto·

127 1132 216 1194 ribus
240 1133 451 1213 digestorum,
475 1133 562 1197 nullo
583 1132 824 1215 praetermisso,
851 1132 963 1196 indicis
995 1132 1127 1196 texendi
1158 1129 1358 1213 provinciam

25 1304 29 1310 ¹
126 1231 313 1312 susciperet.
323 1233 550 1314 Opportunum
564 1252 639 1313 ergo
651 1233 907 1297 existimavimus
918 1232 1040 1315 aliquid
1051 1231 1110 1296 illis
1120 1228 1359 1312 reservare,qui

125 1334 312 1394 sanctorum
343 1336 476 1413 patrum
505 1332 666 1414 opusculis
691 1332 876 1414 colligendis
892 1332 942 1397 vel
958 1332 1065 1396 critice
1083 1330 1358 1396 edendisincum·

127 1429 218 1505 bunt,
232 1434 263 1493 et
277 1433 425 1495 encomia
440 1432 493 1495 illa
508 1432 677 1496 notissima
692 1431 908 1495 tuncomnino
919 1431 1115 1508 reticuimus,
1127 1430 1182 1494 ubi
1194 1429 1226 1493 in
1237 1428 1356 1501 codice.

125 1533 272 1593 ceterum
285 1531 328 1593 ab
341 1531 574 1613 hagiographia
589 1531 703 1608 alieno,
717 1530 916 1613 legebantur.
932 1530 1070 1608 Quando
1086 1550 1163 1595 vero
1178 1529 1357 1612 hypomne-

128 1632 219 1692 mata
239 1630 289 1694 rel
313 1630 465 1695 homiliae
481 1631 552 1694 iliae
567 1631 637 1695 aliis
652 1631 871 1695 monumentis
889 1630 1147 1713 hagiographicis
1170 1628 1357 1694 intermixta

126 1718 352 1807 occurrebant,
368 1751 427 1794 suo
449 1731 519 1796 loco
542 1732 572 1794 in
589 1731 701 1795 ordine
723 1731 883 1794 mensium
898 1730 1044 1812 legenda,
1060 1731 1102 1793 ab
1117 1729 1231 1794 iisdem
1252 1727 1358 1792 obiter

126 1826 245 1891 saltem
261 1831 481 1894 memorandis
497 1831 660 1895 abstinere
675 1829 807 1894 minime
822 1834 1019 1912 poteramus.
1035 1827 1247 1911 Exemplosit
1262 1846 1357 1908 enco-¹

126 1926 230 1991 mium
253 1928 293 1992 de
315 1929 347 1993 S.
363 1930 560 2011 philogonio.
577 1930 673 2012 quod,
687 1930 742 1993 ubi
765 1930 797 1994 in
816 1930 997 2012 menologio
1020 1929 1184 2012 quopiam,
1207 1927 1250 1991 ad
1271 1927 1357 1990 diem

126 2026 168 2089 90
193 2027 385 2105 decembris
410 2033 447 2093 ut
472 2029 562 2104 solet,
580 2033 709 2093 exstare
738 2029 977 2112 deprehensum
1004 2033 1063 2106 est,
1086 2047 1216 2110 semper
1237 2026 1359 2091 indica·

127 2125 243 2203 vimus,
260 2129 427 2192 omisimus
441 2149 529 2205 ver0,
543 2129 673 2211 quando
686 2130 718 2192 in
730 2132 819 2193 tomo
831 2130 974 2211 quodam
986 2149 1121 2212 operum
1135 2125 1358 2210 Chrysostomi

125 2225 301 2307 legebatur.
318 2228 383 2291 Par
409 2228 521 2292 habita
546 2232 596 2292 est
622 2229 704 2292 ratio
729 2248 866 2310 operum
891 2229 1030 2300 Eusebii,
1056 2229 1145 2292 cuius
1171 2226 1292 2308 scripta
1317 2226 1358 2289 de

126 2326 339 2390 Constantino
366 2332 397 2391 et
418 2327 560 2392 libellum
586 2327 623 2391 de
650 2327 850 2412 Martyribac
867 2327 1065 2404 Palaestinae
1080 2327 1231 2409 nuspiam
1257 2326 1359 2390 adno-

125 2426 277 2489 [avimus.

165 2525 342 2589 Praedictis
367 2546 496 2608 quoque
522 2527 768 2592 adnumeranda
793 2531 868 2591 sunt
894 2527 1003 2608 ampla
1029 2527 1082 2591 illa
1107 2525 1356 2608 compendiariis

124 2629 310 2688 sanctorum
326 2626 406 2689 Vitis
418 2626 538 2690 referta
553 2627 736 2708 synaxaria,
749 2647 833 2708 quae
848 2627 1030 2708 menologia
1042 2628 1139 2690 etiam
1152 2625 1202 2689 vel
1218 2644 1357 2688 menaea

124 2724 256 2787 vocitari
269 2725 329 2788 tert
340 2746 427 2798 usus,
444 2727 626 2808 quibusque
638 2726 834 2790 bibliotheca
849 2726 1036 2789 parisiensis
1048 2725 1220 2789 redundat.
1234 2723 1356 2802 Quam-

127 2841 223 2902 quam
242 2825 327 2887 enim
342 2826 559 2888 venerationis
575 2825 695 2889 sanctis
711 2826 873 2889 exhibitae
889 2827 1100 2888 monumenta
1120 2827 1195 2888 sunt
1206 2823 1355 2905 genuina,

124 2925 156 2983 et
177 2922 218 2985 ad
241 2925 418 2987 eorundem
441 2928 514 2987 acta
526 2924 716 2988 illustranda
728 2924 830 2989 multa
849 2927 1061 2988 servaverunt
1076 2923 1255 3005 aptissima,
1270 2941 1355 3005 quae

126 3021 201 3083 alibi
217 3022 335 3086 trustra
354 3024 511 3104 requiras,
528 3023 664 3087 seorsim
685 3027 796 3088 tamen
819 3024 861 3087 ab
883 3023 953 3087 aliis
975 3023 1233 3105 hagiographicis
1258 3022 1356 3086 docu-

124 3121 241 3183 mentis
253 3123 424 3185 tractanda
435 3127 519 3189 sunt.
532 3142 573 3186 ne
588 3143 648 3186 sua
663 3123 747 3187 mole
762 3126 871 3187 cetera
886 3123 1027 3186 obruant
1045 3121 1127 3186 Cum
1143 3122 1230 3186 euim
1246 3121 1354 3185 erudi·

124 3222 231 3282 torum
246 3221 391 3303 plerique
408 3223 466 3284 hoc
482 3222 662 3286 litterarum
677 3243 830 3305 genusne
842 3222 1038 3304 primoribus
1050 3222 1191 3303 quidem,
1203 3225 1239 3285 ut
1253 3221 1353 3299 aiunt,

123 3319 221 3383 labris
244 3321 418 3401 attigerint,
442 3322 487 3385 ita
508 3327 543 3385 ut
566 3343 671 3404 neque
694 3323 794 3386 ullum
815 3342 854 3386 ex
870 3327 918 3386 tot
933 3321 1163 3403 superstitibus
1178 3321 1355 3385 maioribus

124 3420 315 3498 synaxariis
331 3420 356 3481 si
371 3440 471 3482 unum
484 3422 561 3483 illud
577 3422 664 3502 quod
676 3421 784 3485 Basilii
797 3421 1014 3502 menologium
1025 3420 1189 3502 appellant
1203 3419 1355 3502 excipias,

125 3517 285 3597 integrum
302 3519 469 3593 ediderint,
486 3520 577 3583 facile
601 3520 737 3602 quisque
752 3520 915 3602 intelleget
932 3519 999 3583 fieri
1015 3539 1080 3582 non
1095 3539 1192 3601 posse
1213 3524 1249 3583 ut
1265 3519 1355 3584 brevi

95 3649 96 3653 =
125 3621 272 3696 tempore
295 3617 335 3679 de
357 3618 407 3681 his
429 3619 518 3682 libris
540 3619 721 3699 diligentior
742 3619 973 3702 pervestigatio
995 3618 1192 3694 instituatur,
1208 3619 1355 3701 illiusque

127 3735 256 3778 summa
271 3718 383 3797 paucis
399 3719 619 3781 contrahatur.
640 3719 708 3782 llas
723 3720 765 3783 ob
777 3738 893 3783 causas
904 3719 945 3782 de
957 3718 1153 3801 quibuslibet
1164 3719 1355 3800 synaxariis,

126 3815 193 3877 sive
219 3816 344 3879 maiora
370 3818 422 3879 illa
448 3818 522 3891 sint,
539 3838 623 3899 quae
649 3823 836 3882 sanctorum
866 3818 956 3882 Vitas
978 3817 1110 3896 singulis
1139 3818 1355 3893 annidiebus

126 3915 278 3994 legendas
305 3916 572 3997 complectuntur,
599 3917 665 3980 sire
691 3919 826 3994 minora,
853 3937 937 3999 quae
963 3918 1050 3981 nuda
1078 3918 1143 3980 tere
1168 3921 1354 3981 sanctorum

125 4016 368 4077 enumeratione
381 4016 603 4091 absolvuntur,
619 4017 680 4079 hac
696 4018 765 4080 vice
780 4035 913 4098 prorsus
934 4019 1043 4080 tacere
1058 4016 1234 4080 consultius
1249 4017 1353 4081 visum

126 4117 184 4189 est,
200 4115 573 4197 commentationemque
588 4116 628 4179 de
644 4116 814 4179 utilissima
839 4115 935 4179 simui
957 4119 988 4179 et
1011 4115 1192 4197 asperrima
1216 4116 1355 4181 materia

124 4213 155 4275 in
172 4213 268 4275 alium
286 4213 370 4274 diem
387 4233 552 4294 reponere.

164 4312 202 4373 Et
216 4312 256 4374 de
268 4312 317 4374 his
330 4313 462 4393 quidem
473 4314 626 4377 lectorem
642 4332 869 4390 monemusne
879 4314 912 4376 in
924 4313 1070 4395 catalogo
1082 4318 1194 4378 nostro
1206 4315 1351 4397 requirat

125 4430 209 4491 quae
225 4411 369 4473 eiusdem
386 4413 510 4475 ambitu
526 4413 756 4494 comprehendi
773 4432 980 4494 nequaquam
996 4412 1166 4476 voluimus.
1185 4413 1219 4476 Si
1241 4417 1352 4478 tamen

124 4510 197 4573 hinc
222 4511 297 4573 inde
323 4512 476 4574 nonnulla
498 4512 642 4575 offendat
669 4532 753 4594 quae
776 4532 816 4575 ex
831 4512 900 4592 lege
921 4515 1043 4575 statuta
1059 4511 1240 4576 omittenda
1255 4512 1353 4577 fuisse

123 4609 317 4686 viderentur,
327 4630 367 4671 ne
381 4610 516 4673 miretur
528 4630 608 4674 neve
624 4610 841 4692 reprehendat
855 4610 1055 4674 abundantia
1066 4629 1126 4674 nos
1141 4631 1239 4693 quam
1252 4631 1353 4692 penu-

124 4709 171 4771 ria
183 4728 318 4790 peccare
330 4710 490 4773 maluisse.
507 4711 608 4792 Magis
622 4711 758 4776 tortasse
772 4710 920 4775 haerebit
936 4729 1065 4791 ancepS,
1080 4710 1135 4774 ubi
1147 4710 1353 4777 homiliarum
