3284 5536
512 339 603 390 Βίου.
630 316 711 391 ινιτ.
738 340 851 391 mus.
871 360 918 370 -
944 341 1024 394 σου.
1051 339 1126 392 ιιιι.
1364 321 1435 393 333

242 533 299 593 26.
320 529 811 612 (F01.233v-244v.)mapw'010v
833 534 891 595 τοῦ
911 530 1003 608 ἁγίου
1021 533 1070 595 καὶ
1086 531 1223 598 ἐνδόξου
1239 533 1435 611 μεγαλομάρ-

197 665 300 724 τυρος
312 650 374 710 τοῦ
386 646 527 724 Χριστοῦ
549 630 717 712 Ἀιιακίου
740 651 799 711 τοῦ
813 647 1035 726 Καππάδοκος.
1049 692 1081 714 =
1096 648 1132 713 B.
1318 649 1391 714 Mai.
1406 650 1436 713 8.

241 767 298 826 27.
323 761 585 847 (Γοί.345-Β51’.)
597 763 1007 844 Προφήτεία,άποκὰλυψις
1019 767 1069 828 καὶ
1081 766 1256 844 μαρτύριον
1268 769 1327 829 τοῦ
1339 766 1434 852 ἁγίου

199 878 249 941 καὶ
263 877 401 944 ἐνδόξου
417 881 467 943 καὶ
482 883 635 958 μεγίστου
652 885 718 945 τῶν
732 883 916 960 προφήτων
937 880 1095 945 Ἠσαίου
1118 884 1177 945 τοῦ
1193 884 1378 961 προφήτου.
1400 913 1431 932 =

198 991 236 1056 B.
1321 997 1394 1062 Mai.
1405 998 1435 1062 9.

241 1109 593 1196 20.(F01.251v-262.)
619 1113 805 1192 Μαρτύριον
829 1115 889 1177 τοῦ
916 1112 1010 1190 ἁγίου
1042 1114 1326 1194 μεγαλομάρτυρος
1351 1114 1435 1194 Χρι-

197 1225 404 1306 στοφόρου
426 1231 486 1292 τοῦ
502 1228 566 1292 άπὸ
584 1228 830 1307 Κυνοκεφάλων.
850 1260 885 1280 =
902 1228 929 1293 B
946 1229 973 1292 1.
1316 1230 1390 1295 Mai.
1405 1230 1434 1294 9.

240 1345 298 1406 29.
322 1341 402 1425 (Fol.
414 1343 574 1426 363368.)
587 1344 773 1423 Μαρτύριον
783 1348 843 1408 τοῦ
859 1343 952 1421 ἁγίου
967 1345 1251 1425 μεγαλομάρτυρος
1266 1346 1435 1411 Μωκίου.

1295 1462 1369 1527 Mai.
1386 1462 1434 1526 11.

364 1575 420 1628 Ine.
431 1573 475 1629 Ἑν
486 1579 529 1643 τῷ
540 1575 671 1641 τετάρτῳ
681 1573 737 1627 ἔτει
744 1576 795 1640 τῆς
813 1573 952 1640 βασιλείας
963 1576 1170 1644 Διοκλητιανοθ
1185 1578 1435 1642 ἁνθυπατεῦοντος

331 1672 481 1727 Λαοδικίου
493 1701 527 1711 -
538 1673 600 1726 Des.
613 1673 759 1726 ἀπόκειται
777 1673 808 1726 δέ
820 1673 876 1727 ἀπὸ
889 1673 952 1738 ἑνὸς
965 1673 1056 1740 μιλίου
1069 1681 1121 1729 τοῦ
1135 1675 1291 1731 Βυζαντίου
1305 1677 1373 1730 ἔνθα
1390 1675 1436 1730 καί

330 1771 433 1826 πολλαί
445 1771 556 1835 ίὰσεις...
569 1772 651 1838 ἁμήν.

239 1876 297 1935 30.
320 1869 400 1952 (ίόί.
415 1870 589 1953 368373.)
605 1871 678 1948 Βίας
693 1869 728 1934 ἐν
743 1869 881 1953 ἐπιτάμῳ
898 1873 948 1934 καὶ
962 1873 1104 1936 πολιτεία
1124 1875 1174 1936 καὶ
1190 1876 1298 1952 μερική
1316 1873 1435 1951 θαυμά-

201 2000 266 2046 των
292 1983 441 2061 διήγησις
468 1986 528 2047 τοῦ
554 1981 648 2059 ἁγίου
675 1975 902 2062 Ἐπιφανίου
932 1983 1184 2064 άρχιεπισκόπου
1212 1988 1436 2064 Κωνσταντίας

201 2099 256 2173 τής
268 2095 409 2175 Κύπρου.
423 2141 457 2160 =
472 2096 538 2160 135.
1297 2101 1370 2166 Mai.
1386 2102 1433 2166 12.

237 2232 294 2290 31.
316 2225 396 2309 (Fol.
411 2227 600 2310 278v-295v.)
615 2228 802 2306 Μαρτύριον
816 2232 875 2292 τοῦ
892 2229 985 2305 ἁγίου
1002 2233 1051 2293 καί
1075 2232 1210 2296 ἐνδόξου
1235 2235 1435 2313 μεγαλομὰρ-

203 2359 298 2418 τυρος
312 2345 373 2405 τοῦ
389 2342 529 2421 Χριστοῦ
552 2343 805 2421 Ἀλεξάνδρου.
820 2344 902 2408 =B.
1296 2349 1369 2414 Mai.
1384 2350 1432 2413 13.

239 2478 296 2537 32.
322 2472 401 2555 (Ροί.
417 2474 607 2558 2952-306v.)
623 2477 697 2555 Βίας
712 2479 761 2541 καί
773 2478 914 2542 πολιτεία
936 2480 986 2541 καὶ
1007 2480 1182 2556 μαρτύριον
1197 2483 1256 2543 τοῦ
1271 2478 1363 2557 ἁγίου
1382 2483 1431 2543 καὶ

204 2585 334 2654 ἐνδόξου
351 2589 514 2668 μάρτυρος
529 2594 589 2654 τοῦ
608 2591 749 2670 Χριστοῦ
772 2594 1015 2658 Θαλλελαίου.
1027 2636 1059 2658 =
1074 2593 1100 2657 B
1115 2595 1144 2657 Β.
1290 2596 1365 2660 Mai.
1381 2598 1431 2660 ΒΟ.

241 2714 603 2807 33.'(F01.306v-309v.)
619 2725 693 2802 Βίος
709 2725 744 2788 ἐν
763 2727 916 2809 συντόμῳ
931 2730 998 2790 τῶν
1013 2725 1114 2802 ἁγίων
1129 2727 1270 2792 ἐνδόξων
1286 2729 1432 2806 μεγάλων

206 2837 361 2912 βασιλέων
383 2837 676 2904 Κωνσταντίνου
700 2841 750 2903 καὶ
761 2840 899 2919 Ἑλένης.
1297 2843 1371 2908 Mai.
1386 2845 1435 2907 21.

361 2951 416 3006 Ine.
436 2954 639 3020 Διοκλητιανδς
661 2957 770 3010 ἀνελὼν
790 2957 908 3023 Καρῖνον
927 2957 979 3009 τὸν
1000 2956 1063 3009 υἱὸν
1087 2958 1179 3023 Κὰρου
1201 2958 1246 3011 καί
1267 2959 1326 3012 ἀντ’
1346 2959 1435 3012 αὐτοῦ

330 3053 498 3116 βασιλεύσας
508 3081 541 3090 -
552 3054 614 3107 Des.
625 3053 671 3107 ίνα
679 3054 751 3108 καίδ
763 3055 831 3119 λαός
844 3069 898 3108 σου
911 3055 941 3109 ἐν
953 3061 987 3122 τῇ
1001 3056 1097 3109 αὐτῶν
1109 3057 1241 3126 γαλήνῃ...
1255 3058 1335 3124 ἁμήν.

238 3155 295 3214 34.
318 3148 606 3234 (F01.309v-313v.)
628 3153 702 3229 Βίος
717 3152 752 3216 ἐν
767 3154 921 3236 συντόμῳ
943 3157 1002 3217 τοῦ
1027 3154 1061 3216 ἐν
1087 3155 1188 3231 ἁγίοις
1202 3158 1325 3233 πατρὸς
1340 3157 1431 3234 ἡμῶν

201 3263 354 3342 Συμεὼν
374 3269 435 3329 τοῦ
452 3266 486 3329 ἐν
500 3273 546 3347 τῷ
560 3271 736 3351 θαυμαστῷ
754 3267 830 3346 ὄρει.
1294 3271 1368 3335 Mai.
1381 3272 1431 3335 23.

362 3380 418 3435 Ine.
446 3382 469 3436 Ο
483 3383 561 3447 ἁγιος
575 3383 620 3436 καί
631 3385 767 3449 πανάσιος
784 3385 880 3451 πατήρ
893 3386 973 3451 ἡμῶν
986 3384 1030 3438 καί
1043 3387 1261 3452 θαυματουργὸς
1274 3388 1390 3452 Συμεὼν
1402 3417 1435 3425 -

328 3480 390 3534 Des.
404 3480 449 3534 καί
459 3481 489 3534 ἐν
501 3486 543 3548 τῷ
554 3483 683 3546 μέλλοντι
695 3483 774 3536 αίιῦνι
784 3488 843 3536 τῶν
856 3484 945 3537 αὐτοῦ
959 3484 1157 3548 ἐπιτῦχωμεν...
1171 3485 1252 3551 ἀμήν.

238 3585 294 3643 35.
317 3578 396 3660 (Fol.
410 3579 601 3661 313v-318v.)
617 3581 804 3659 Μαρτύριον
819 3583 853 3645 ἐν
866 3583 1018 3663 συντόμῳ
1031 3587 1096 3646 τῶν
1109 3583 1208 3659 ἁγίων
1223 3585 1272 3646 καὶ
1289 3585 1431 3650 ἐνδόξων

199 3696 254 3756 τοῦ
279 3693 422 3772 Χριστοῦ
451 3697 624 3774 μαρτύρων
647 3697 832 3761 Μελετίου
861 3701 920 3761 τοῦ
953 3699 1174 3776 στρατηλάτου
1201 3698 1350 3763 Ἰωάννου
1382 3704 1431 3764 καί

199 3808 364 3888 Στεφάνου
394 3813 554 3888 κοιμήτων
578 3814 627 3875 καὶ
649 3817 708 3875 τοῦ
723 3815 868 3891 πλήθους
879 3817 945 3876 τῶν
961 3816 1024 3877 σὺν
1050 3814 1158 3891 αὐτοῖς
1180 3817 1303 3892 μυρίων
1325 3819 1432 3895 χιλίων

199 3925 246 3988 ον’
262 3927 326 3990 σῦν
341 3928 464 4004 γυναιξὶ
479 3929 529 3990 καὶ
544 3928 676 4005 τέκνοις.
1296 3931 1369 3996 Mai.
1381 3934 1431 3996 24.

360 4043 414 4097 Ιιιο.
432 4041 464 4097 ‘O
485 4043 565 4108 ἁγιος
585 4043 631 4097 καί
646 4045 758 4107 ἔνδοξος
779 4045 886 4110 μάρτυς
905 4049 957 4098 τοῦ
977 4046 1098 4110 Χριστοῦ
1118 4047 1253 4110 Μελέτιος
1274 4048 1319 4100 καί
1340 4049 1366 4102 οἱ
1379 4051 1432 4103 σὺν

327 4141 406 4208 αὐτῷ
418 4140 548 4208 Ἰωὰννης
563 4170 593 4180 -
614 4142 676 4195 Βεσ.
688 4143 756 4206 τοὺς
777 4144 808 4195 δέ
824 4144 1002 4208 χριστιανοῦς
1023 4143 1169 4209 διεγείρων
1191 4145 1228 4207 είς
1240 4146 1293 4210 τήν
1314 4148 1432 4212 ἁμωμον

326 4239 371 4292 καί
384 4241 560 4305 ἀμετάθετον
578 4241 756 4306 ὁμολογίαν...
770 4242 851 4308 ἁμήν.

239 4343 293 4401 36.
315 4336 396 4418 (Fol.
412 4337 573 4421 313337.)
589 4340 664 4416 Βίος
679 4340 713 4403 ἐν
728 4341 881 4423 συντόμῳ
899 4342 947 4403 καὶ
971 4343 1079 4417 μερική
1096 4341 1268 4417 θαυμάτων
1284 4345 1431 4422 διήγησις

203 4455 256 4515 τοῦ
290 4452 384 4530 ἁγίου
422 4457 472 4518 καί
509 4455 644 4520 ἐνδόξου
684 4455 918 4534 ίερομάρτυρος
958 4456 1206 4535 Θεράποντος
1253 4459 1430 4523 ἐπισκόπου

205 4563 339 4646 Κύπρου.
1296 4574 1431 4640 Mam.

359 4685 414 4740 Ine.
427 4685 520 4750 Οῦτος
531 4685 631 4740 τοίνυν
649 4688 664 4740 δ
678 4688 757 4752 ἁγιος
775 4686 821 4741 καί
833 4688 945 4750 ἔνδοξος
963 4687 1133 4754 ίερομάρτυς
1146 4693 1198 4741 τοῦ
1210 4689 1333 4754 Χριστοῦ
1346 4692 1433 4756 θερά-

1302 4789 1334 4841 39
