3284 5536
333 326 403 399 198
639 349 730 400 man.
759 349 840 400 ιιιτ.
866 349 981 402 nano.
999 370 1047 380 -
1072 351 1152 401 con.
1179 347 1255 402 ιιιο.

371 543 404 602 6.
426 536 505 619 (Fol.
525 537 697 620 110v-131.)
710 539 785 617 Βίος
794 543 855 603 τού
867 540 902 604 ἐν
913 539 1015 618 ἁγίοις
1024 542 1147 618 πατρὸς
1158 542 1250 618 ἡμῶν
1271 541 1484 619 Γρηγορίου
1504 545 1563 606 τοῦ

331 653 500 730 θεολόγον.
515 654 589 719 :B
606 655 632 717 1.
1431 656 1498 720 Ian.
1513 659 1563 722 95.

372 792 406 848 7.
428 784 507 865 (nol.
533 785 693 866 131-143.)
711 786 786 863 Βίος
801 790 859 849 τοῦ
875 785 970 849 ὁσίου
987 788 1110 866 πατρὸς
1124 787 1216 865 ἡμῶν
1236 786 1495 866 Ξενοφῶντος
1516 791 1566 851 καὶ

331 903 398 964 τῶν
412 901 534 964 τέκνων
549 901 650 964 αὐτού
666 901 815 964 Ἰωάννου
829 904 878 964 καὶ
889 901 1062 979 Ἀρκαὸίου.
1076 946 1109 965 =
1119 901 1155 965 B.
1432 901 1500 966 Ian
1515 904 1567 968 96.

371 1036 404 1095 8.
427 1030 506 1112 (Fol.
525 1031 897 1114 των-1501Ύπόμνημα
911 1033 1013 1097 τύπον
1028 1033 1173 1110 ἱστορίας
1188 1034 1437 1112 κεφαλαιώὸους
1453 1035 1567 1112 ἐπέχον

331 1145 381 1208 ἐπὶ
396 1151 434 1227 τῇ
451 1145 625 1230 ἀνακομιὸῇ
642 1150 701 1210 τοῦ
717 1147 872 1224 λειψάνου
896 1150 955 1210 τοῦ
979 1148 1066 1211 θείου
1089 1148 1139 1211 καὶ
1160 1146 1249 1226 ἱεροῦ
1271 1147 1569 1226 Χρυσοστὸμου.

1434 1262 1503 1327 Ian.
1518 1262 1570 1327 97.

496 1375 551 1430 Ιιιο.
569 1376 646 1430 Ἀλλά
657 1381 718 1440 πῶς
731 1378 766 1429 ἀν
781 1393 823 1440 τις
835 1376 924 1440 αἰτίας
936 1377 982 1429 καί
1000 1378 1107 1442 μωμων
1125 1378 1197 1443 ἡμᾶς
1215 1378 1369 1433 ἀπαλλάξαι
1382 1407 1413 1415 -
1434 1378 1498 1432 Des.
1509 1381 1570 1442 τοῖς

464 1480 517 1528 τοῦ
530 1476 652 1541 Χριστοῦ
663 1475 826 1542 προφήταις
839 1475 884 1528 καί
895 1476 1065 1538 ἀποστόλοις
1079 1476 1097 1542 ἡ
1110 1477 1217 1543 μεγάλη
1230 1478 1373 1542 σάλπιγξ...
1385 1477 1470 1543 ἀμήν.

372 1595 406 1653 9.
428 1589 507 1671 (nol.
538 1590 697 1659 150-156.)
727 1590 802 1667 Βίος
834 1592 884 1653 καὶ
908 1590 1048 1654 πολιτεία
1082 1593 1143 1653 τού
1177 1590 1274 1654 ὁσίου
1309 1593 1436 1669 πατρὸς
1472 1592 1567 1669 ἡμῶν

331 1701 493 1783 Ἐφραῖμ
514 1709 573 1769 τοῦ
589 1707 708 1783 Σύρου.
723 1704 793 1768 =B
808 1704 836 1768 9.
1433 1706 1501 1771 lan.
1517 1706 1570 1770 98.

375 1843 429 1900 10.
454 1836 532 1918 (Fol.
558 1837 638 1918 156.)
663 1837 736 1913 Βίος
757 1837 807 1898 καὶ
827 1836 1001 1914 μαρτύριον
1021 1839 1086 1899 τῶν
1107 1836 1207 1913 ἁγίων
1228 1839 1277 1900 καὶ
1303 1842 1566 1916 θαυματουργῶν

331 1949 414 2030 ἀββᾶ
437 1952 562 2030 Κύρου
586 1954 635 2016 καὶ
657 1951 837 2015 Ἰωάννου.
857 1983 887 2001 =
906 1951 976 2014 33.
1432 1952 1501 2017 lan.
1517 1952 1569 2019 30.

498 2068 606 2122 Initium
619 2072 736 2121 tanturn.
1387 2062 1390 2067 ’

881 2347 1012 2421 1156.

365 2560 438 2616 Olim
454 2560 563 2629 Georgii
575 2561 643 2630 Biliy
656 2560 713 2626 (iol.
730 2561 791 2614 olo*
810 2563 820 2585 ⁸
835 2561 1000 2627 cenuyliore
1016 2569 1054 2613 eat
1072 2562 1104 2614 de
1120 2563 1175 2614 moi
1185 2563 1269 2629 ,Ιονρο
1280 2561 1356 2629 Billy
1370 2561 1393 2629 ,)
1402 2567 1502 2629 postea
1515 2563 1575 2618 Col·

333 2660 454 2715 bertinus
463 2661 537 2725 2588,
550 2661 647 2715 deinde
661 2660 762 2728 Regius
772 2659 859 2715 affin.
1607 2656 1610 2662 '

364 2760 502 2815 Foliorum
528 2760 650 2821 981ίίοί.
674 2760 698 2823 9,
716 2759 772 2824 974,
792 2760 842 2812 975
861 2757 1026 2822 chartacea),
1043 2758 1139 2822 ΨΜ
1158 2765 1184 2816 ><
1207 2758 1310 2824 0“,930,
1331 2758 1402 2813 binio
1424 2759 1573 2826 columnis,

336 2864 464 2914 exaratus
483 2875 552 2914 saec.
568 2859 613 2912 XI.

367 2959 442 3013 Folia
456 2960 496 3012 18
507 2963 535 3012 et
542 2957 681 3013 975115981
692 2974 726 3011 ex
736 2957 788 3011 aiio
798 2957 890 3011 codice
899 2957 992 3010 avulsa
1003 2960 1031 3009 et
1039 2955 1173 3023 grandiori
1184 2956 1450 3026 soriptnmexarata,
1464 2963 1572 3026 panem

334 3058 518 3112 efformabant
529 3056 641 3110 alienius
653 3057 793 3110 cuiusdam
806 3056 913 3120 codicis,
923 3054 1000 3109 cuius
1012 3056 1138 3110 membro
1148 3055 1257 3110 disiecta
1266 3056 1384 3125 reperire
1396 3061 1437 3110 est
1447 3057 1477 3112 in
1487 3059 1571 3113 variis

335 3155 475 3211 codicibus
487 3155 671 3210 bibliothecae
684 3154 837 3209 nationniis.

381 3342 411 3397 1.
435 3332 514 3416 (Fol.
532 3333 622 3416 1-1v.)
638 3332 749 3396 Sancti
770 3331 978 3397 Clementis
1001 3332 1141 3414 epitome
1156 3332 1197 3396 de
1211 3331 1310 3415 gestis
1325 3332 1423 3396 Petri.
1434 3376 1467 3396 =
1480 3334 1508 3398 B
1519 3335 1573 3399 91).

1403 3447 1496 3527 [Νον.
1511 3450 1573 3530 95.]

502 3530 574 3584 Finis
586 3534 700 3584 tanturn.

379 3637 411 3694 2.
436 3629 514 3711 (Fol.
533 3630 633 3711 lua.)
655 3630 813 3707 Διήγησις
832 3632 891 3692 τού
915 3629 1008 3704 ἁγίου
1032 3627 1264 3706 ἱερομάρτυρος
1278 3626 1427 3707 Ἐφραίμ,
1442 3629 1574 3694 ἐπισκὸ·

338 3765 403 3807 που
421 3744 604 3822 Χερσώνος,
619 3747 689 3823 περὶ
705 3748 763 3807 τοῦ
778 3745 941 3823 θαύματος
955 3747 1015 3806 τοῦ
1031 3743 1075 3820 είς
1096 3743 1153 3807 τὸν
1167 3746 1265 3806 παῐὸα
1284 3745 1462 3821 γενομένου
1485 3747 1575 3824 παρά

339 3861 399 3921 τού
412 3859 505 3934 ὁγίου
520 3858 752 3936 ἱερομάρτυρος
775 3857 992 3936 Κλήμεντος.
1006 3899 1038 3919 =
1053 3855 1079 3919 B
1092 3856 1122 3919 4.
1405 3858 1496 3936 [Nov.
1510 3860 1575 3940 95]

502 3973 568 4027 Fine
583 3973 712 4026 mutilum
725 3992 731 4026 :
778 3971 800 4026 εί
811 3973 847 4039 μή
859 3988 900 4036 τις
913 3973 984 4039 ἡμᾶς
994 3975 1087 4034 κακῶς
1097 3971 1247 4038 καταμέμ...

379 4093 412 4150 3.
435 4086 514 4168 (Fol.
544 4088 658 4168 o31v.)
686 4086 758 4150 vita
784 4086 886 4150 sancii
922 4084 1138 4162 Athanasii,
1175 4083 1317 4166 episcopi
1349 4084 1575 4153 Alexandrini.

338 4233 374 4252 =
389 4201 414 4264 Β
432 4202 458 4265 1.

378 4325 412 4381 4.
436 4317 772 4400 (F01.31v-104.)ss1‘0;
789 4319 837 4380 καί
849 4317 990 4380 πολιτεία
1004 4319 1063 4380 τού
1085 4315 1181 4380 ὁσίου
1203 4317 1327 4395 πατρὸς
1340 4311 1432 4397 ἡμῶν
1455 4318 1577 4384 Εύθυ-

338 4435 433 4511 pion.
445 4472 477 4492 ==
492 4434 519 4497 B
534 4436 562 4497 ⁶2.
874 4481 877 4487 ·
1422 4434 1499 4512 [Ian.
1511 4436 1578 4517 Μ

381 4574 414 4631 5.
437 4566 515 4649 (Foi.
535 4567 692 4646 104-111.)
709 4566 895 4644 Ὑπόμνημα
908 4565 952 4642 είς
966 4566 1023 4628 τὸν
1038 4564 1129 4640 ἅγιον
1145 4563 1332 4628 ἀπόστολον
1351 4569 1411 4629 τοῦ
1433 4566 1578 4644 Χριστοῦ

337 4681 656 4760 ΤιμόθεονεΒ9.
1419 4681 1497 4759 [lan.
1512 4682 1578 4763 99]
