3284 5536
508 394 611 446 κιαι.
636 394 717 448 τιατ.
744 395 859 450 mus.
877 415 925 426 —
951 395 1030 448 οοιι.
1058 394 1133 447 ιτοι.
1394 377 1442 448 99

204 599 260 649 σιν
272 589 332 663 τῆς
346 583 386 648 δι’
401 583 440 663 ἧς
456 584 475 647 ὁ
491 583 637 663 ἀμαυρός
657 586 800 649 πέπωται
824 584 963 662 θάνατος
979 585 1012 650 ἐξ
1026 584 1189 664 ἀκηράτου
1208 587 1351 664 γαστρὸς
1368 585 1441 649 ἀνα-

204 700 357 779 σχούσης
367 701 426 764 τόν
440 697 561 764 άόυτον
572 700 672 777 ἥλιον.
687 730 720 750 =
734 698 862 782 (Maria)
876 698 903 762 B
918 699 967 762 51.
1294 701 1376 781 Aug.
1394 699 1441 762 15.

247 836 280 896 2.
302 831 382 914 (Fol.
397 831 570 915 103-115v.)
584 832 689 909 Λόγος
703 831 751 895 ια’.
764 832 904 908 Λέοντος
918 834 977 894 τοῦ
990 831 1024 895 ἐν
1039 831 1166 914 Χριστῷ
1184 835 1305 910 βασιλεῖ
1320 832 1439 913 αἰωνίῳ

202 949 366 1026 βασιλέως
380 947 479 1025 λόγος
494 946 547 1010 ὅτε
568 948 601 1012 ἐξ
621 948 741 1027 ἐρήμου
758 949 854 1026 φωνὴ
870 951 936 1012 τῶν
954 947 1117 1025 σαρκίνων
1140 947 1238 1025 ὁρίων
1260 949 1441 1027 μεταχωρή-

199 1079 296 1128 σασα
310 1066 360 1128 καὶ
375 1065 458 1142 πρὸς
471 1066 551 1142 τοὺς
566 1064 601 1127 ἐν
615 1062 698 1147 ᾅδου
715 1063 1011 1141 σκυθρωπάζοντας
1026 1066 1121 1142 φωνὴ
1137 1065 1357 1142 πρόδρομος...

1298 1179 1380 1262 Aug.
1391 1180 1440 1243 o)9.

372 1262 420 1317 Ed.
430 1263 459 1317 P.
470 1265 511 1326 0„
523 1261 605 1325 cvn,
619 1261 733 1320 mm

245 1386 279 1443 3.
301 1377 381 1460 (Fol.
399 1377 557 1459 116-127.)
570 1377 677 1456 Λόγος
690 1378 737 1456 ιβ’.
745 1377 885 1454 Λέοντος
898 1378 932 1441 ἐν
943 1377 1069 1460 Χριστῷ
1083 1380 1206 1456 βασιλεῖ
1219 1378 1337 1459 αἰωνίῳ
1352 1382 1441 1456 βασι·

202 1495 289 1571 λὲως
314 1494 414 1570 λόγος
439 1493 483 1570 εἰς
510 1495 568 1570 τὴν
593 1494 627 1557 ἐκ
653 1497 868 1570 στειρωτικῷν
894 1493 1041 1568 λαγόνων
1058 1492 1251 1570 ἀνθήσασαν
1278 1495 1442 1572 σωτήριον

203 1609 392 1687 ἀνθρώποις
405 1610 506 1686 γονήν
519 1611 577 1687 τήν
593 1608 801 1687 άειπάρθενον
816 1611 875 1671 τοῦ
892 1607 977 1671 Θεοῦ
993 1609 1123 1686 μητέρα.
1138 1634 1171 1654 =
1186 1608 1212 1671 B
1227 1609 1273 1672 17.
1307 1608 1396 1691 Sept.
1413 1610 1441 1673 8.

245 1749 281 1806 4.
303 1741 383 1822 (Fol.
400 1741 571 1826 1272137.)
589 1741 729 1818 Λέοντος
744 1741 778 1805 ἐν
793 1740 919 1824 Χριστῷ
937 1743 1059 1819 βασιλεῖ
1074 1741 1193 1824 αἰωνίῳ
1211 1741 1309 1819 λόγος
1325 1743 1369 1820 εἰς
1384 1745 1442 1819 τὴν

205 1857 245 1921 δι’
261 1856 303 1921 οῦ
329 1858 388 1920 τοῦ
407 1860 605 1935 προγονικοῦ
632 1856 851 1935 ἀνυψώθημεν
872 1857 1046 1936 πτώματος
1071 1858 1238 1935 σωτηρίου
1269 1861 1441 1937 σταυροῦ

205 1972 349 2052 ὕψωσιν.
1287 1971 1377 2056 Sept.
1395 1974 1442 2038 14.

370 2088 418 2142 Ed.
430 2089 461 2142 P.
473 2091 513 2153 0„
526 2087 606 2152 GVH,
618 2088 702 2142 8896.

250 2213 284 2270 5.
306 2204 588 2287 (Fol.137v-145¹.)
613 2205 752 2283 Λέοντος
776 2206 811 2268 ἐν
836 2205 962 2288 Χριστῷ
990 2208 1111 2283 βασιλεῖ
1137 2206 1256 2288 αἰωνίῳ
1284 2208 1443 2285 βασιλέως

208 2320 314 2398 όμιλία
330 2322 364 2384 ἐν
378 2327 416 2403 τῇ
431 2325 491 2385 τοῦ
507 2322 686 2399 σεβασμίου
702 2325 784 2384 ναοῦ
801 2321 928 2400 ἱερώσει
944 2320 1139 2398 ὁμιληθεῖσα,
1149 2322 1187 2398 ὃς
1201 2328 1247 2404 τῷ
1264 2327 1440 2406 θαυμαστῷ

205 2436 326 2514 θωμά
352 2437 401 2499 καὶ
417 2435 550 2518 ἀοιόίμῳ
566 2440 625 2499 τοῦ
639 2436 748 2514 Λόγου
764 2437 941 2514 ἀφιέρωται
957 2441 1088 2518 μαθητῇ.
1323 2438 1393 2503 oct.
1411 2438 1441 2502 6.

373 2552 427 2605 Ine.
442 2550 603 2616 Ἑγκαινίων
621 2552 786 2618 πανήγυρις,
799 2551 926 2618 ἀδελφοί,
943 2551 1092 2616 ἐγκαινίων
1104 2554 1155 2614 οἰιχ
1167 2552 1212 2606 οἰα
1224 2552 1343 2620 ἐτησίως
1354 2571 1442 2620 πανη-

339 2649 483 2717 γυρίζεται
492 2679 525 2689 -
536 2650 598 2704 Des.
611 2650 656 2704 καί
668 2655 720 2704 τοῦ
734 2656 786 2705 σοθ
800 2656 898 2717 μικτοθ
910 2656 969 2705 τῷν
981 2654 1158 2718 παθημάτων
1171 2652 1216 2707 καί
1227 2656 1278 2719 τῆς
1291 2653 1441 2719 ἐμπαθείας

341 2754 496 2816 μαθητοῦ...
514 2750 596 2817 ἀμήν.

246 2871 278 2929 6.
300 2863 379 2946 (Fol.
394 2864 568 2947 146-153ἰ.)
582 2865 722 2942 Λέοντος
736 2866 770 2929 ἑν
782 2866 908 2944 Χριστῷ
925 2869 1047 2944 βασιλεῖ
1062 2868 1181 2950 αἰωνίῳ
1196 2871 1357 2946 βασιλέως
1374 2868 1441 2946 ὁμι-

201 2980 255 3043 λία
269 2980 309 3044 όι’
324 2981 546 3059 ὑπογραφὲως
568 2981 819 3060 ἐκπεφωνημὲνη
839 2987 885 3065 τῷ
901 2985 969 3065 λαῷ
986 2983 1080 3066 ἐντῷ
1098 2983 1186 3067 αὐτῷ
1202 2990 1270 3068 ναῷ
1287 2986 1365 3048 κατὰ
1378 2987 1436 3062 τήν

202 3095 293 3172 ἱεράν
307 3100 365 3173 τῆς
377 3096 575 3173 τελειώσεως
591 3099 649 3159 τοῦ
665 3097 753 3160 θείου
771 3102 914 3175 μαθητοῦ
931 3099 1059 3176 ἡμέραν,
1068 3104 1125 3176 τῆς
1142 3103 1305 3177 βασιλικῆς
1319 3121 1440 3178 παρου-

205 3211 281 3288 σίας
296 3212 500 3289 κωλυθείσης
515 3211 566 3274 διά
580 3233 667 3290 τινας
682 3213 877 3290 πραγμάτων
893 3213 1056 3293 ἀσχόλους
1072 3214 1285 3293 άνθελκύσεις.
1326 3216 1395 3280 Oct.
1411 3216 1441 3280 6.

369 3327 424 3381 ἰιιο.
437 3327 511 3381 Οἶδα
523 3329 567 3380 ὅτι
579 3328 727 3395 ἀγαπητόν
740 3331 811 3395 ὑμῖν,
824 3331 847 3383 ὡ
860 3331 927 3393 λαός
941 3335 993 3383 τοῦ
1004 3331 1086 3393 Θεοῦ,
1096 3333 1112 3398 ἡ
1124 3332 1174 3398 ἐμὴ
1187 3331 1370 3397 παρουσία-
1381 3333 1442 3386 Des.

338 3428 608 3493 συμπρεσβευοίισης
630 3427 707 3494 αὐτῷ
729 3431 779 3494 τῆς
801 3432 935 3494 κοσμικῆς
958 3429 1134 3494 προστασίας
1158 3430 1203 3483 καί
1223 3430 1366 3497 σωτηρίας
1390 3435 1440 3496 τῆς

338 3526 551 3591 ἀειπαρθένου...
564 3527 646 3593 ἀμήν.

206 3744 364 3823 βραβευτῇ
392 3741 550 3818 βασιλέως
575 3741 733 3819 ἐγκώμιον
758 3743 802 3818 εἰς
828 3743 884 3807 τόν
908 3743 1054 3821 ἀοίδιμον
1083 3744 1278 3822 στεφανίτην
1314 3746 1440 3824 Δημή-

206 3876 321 3935 τριον.
1243 3861 1373 3925 Octobr.
1389 3861 1439 3927 26.

371 3973 425 4026 [nc.
438 3973 609 4038 θαυμαστός
630 3974 646 4025 ό
668 3974 738 4038 θεὸς
759 3974 789 4028 ἐν
800 3977 859 4038 τοῖς
872 3974 961 4040 άγίοις
974 3976 1063 4029 αὐτοῦ
1081 3978 1168 4030 καλὸν
1179 3979 1234 4044 γάρ
1247 3978 1277 4031 ἐκ
1290 3981 1440 4043 βασιλικῶν

338 4072 395 4137 άμα
403 4099 437 4110 -
449 4071 512 4124 Dos.
525 4071 566 4124 ὡν
578 4072 645 4136 τοὺς
657 4072 772 4137 ἀγῶνας
784 4074 909 4141 ἐζήλωσε
922 4079 1035 4142 τρυφῆς
1049 4077 1226 4130 ἀπολαύων...
1240 4078 1321 4144 ἀμήν.

245 4191 279 4249 8.
300 4184 380 4268 (Ροί.
397 4185 570 4268 170v-173.)
585 4185 724 4263 Λέοντος
736 4186 770 4251 ἐν
782 4186 909 4270 Χριστῷ
923 4192 1045 4266 βασιλεῖ
1063 4189 1181 4271 αἰωνίῳ
1199 4192 1357 4268 βασιλέως
1372 4191 1437 4268 ὁμι-

203 4302 255 4365 λία
269 4301 314 4378 εἰς
324 4301 382 4365 τόν
394 4299 519 4365 ἀκτῖσιν
540 4301 775 4379 ἀγωνισμάτων
790 4303 1007 4381 ἐκμειώσαντα
1028 4306 1084 4367 τόν
1108 4305 1229 4369 σκότον
1244 4311 1301 4384 τῆς
1319 4310 1436 4371 δυσσε-

203 4417 291 4496 βείας
305 4417 356 4480 καὶ
370 4418 672 4495 καταφαιδρῦνοντα
686 4420 743 4496 τήν
757 4417 922 4496 εὐσεβείαν
934 4419 1097 4498 ἀείφωτον
1116 4420 1238 4499 άστὲρα
1260 4427 1317 4499 τῆς
1333 4422 1438 4500 ἐκκλη·

203 4534 278 4611 σίας
298 4532 530 4610 Δημήτριον.
1239 4536 1369 4602 Οοίοίιτ.
1386 4540 1435 4603 βό.

369 4649 423 4702 luc.
435 4648 525 4701 Οἰιόέν
534 4650 612 4701 οὔτω
624 4652 874 4715 παρασκευάζει-
892 4651 952 4704 Des.
966 4653 981 4703 ό
994 4652 1036 4705 ἐπὶ
1049 4654 1166 4706 πάντων
1179 4654 1249 4717 Θεός
1262 4655 1277 4706 ό
1288 4658 1371 4718 σῶμα
1389 4654 1433 4708 καί

336 4749 427 4813 ψυχὰς
440 4749 584 4814 ἐμπιπλῶν
596 4747 750 4812 εὐδοκίας...
763 4750 843 4817 ἀμην.
856 4749 920 4816 (Cfr.
932 4752 1009 4816 m„
1021 4755 1039 4804 t.
1052 4768 1075 4806 ο.
1087 4752 1154 4818 668.)
