3284 5536
203 371 274 443 336
391 392 482 443 οισι..
509 391 590 443 ινιτ.
618 392 733 445 Palus.
754 413 799 423 -
827 392 929 444 αοου.
956 392 1073 445 sum.
1100 390 1161 462 ου,
1188 391 1249 444 οιο.

241 588 274 645 3.
300 580 378 663 (Fol.
410 581 568 664 199-205.)
596 581 745 646 Ἰωάννου
775 585 926 645 ταπεινοῦ
955 583 1180 660 Δαμασκηνοῦ
1210 584 1356 659 μοναχοῦ
1383 581 1431 642 καὶ

200 697 423 774 πρεσβυτέρου
436 682 535 775 λόγος’
547 699 590 774 είς
601 699 639 761 τὸ
651 699 817 774 γεννὲσιον
828 703 885 776 τῆς
908 699 1081 776 δεσποίνης
1094 699 1249 777 ἡμετέρας
1278 697 1430 761 θεοτόκου

201 813 251 874 καὶ
267 811 475 890 άειπαρθὲνου
501 814 662 891 Μαρίας.
677 840 710 858 =
725 814 751 877 B
769 813 815 877 13.

242 934 276 989 4.
298 927 377 1001 (Fol.
400 929 574 1006 ala-aaa.)
601 930 667 992 Τοῦ
684 931 837 1008 μακαρίου
852 928 1001 993 Ἰωάννου
1023 933 1082 993 τοῦ
1097 929 1324 1006 Δαμασκηνοῦ
1339 929 1432 1004 λόγος

202 1043 246 1121 εἰς
260 1045 297 1106 τὸ
313 1044 461 1119 γενέσιον
476 1050 533 1122 τῆς
552 1045 725 1122 ῦπεραγίας
740 1046 914 1123 δεσποίνης
930 1046 1019 1123 ἡμῶν
1046 1045 1242 1108 Θεοτόκου
1268 1045 1345 1122 μετὰ
1360 1044 1432 1107 ἀπο,

202 1160 329 1235 δείξεως
344 1159 391 1221 ὅτι
407 1160 441 1221 ἐκ
457 1161 642 1238 σπέρματος
657 1161 821 1237 κατάγεται
837 1164 894 1224 τοῦ
910 1162 1024 1223 Δαυίδ.
1039 1196 1072 1216 =
1086 1159 1113 1223 B
1137 1160 1184 1222 la.

242 1282 275 1338 5.
298 1273 376 1356 (Pol.
402 1275 574 1358 aaa-233.)
599 1276 665 1338 Τοῦ
690 1275 790 1339 αὐτοῦ
812 1278 911 1352 λόγος
934 1276 978 1353 είς
992 1279 1050 1353 τήν
1064 1277 1228 1352 γενέθλιον
1241 1277 1363 1354 ἡμέραν
1376 1281 1431 1353 τῆς

199 1391 398 1468 παναμάιμου
411 1392 584 1468 δεσποίνης
602 1393 691 1470 ἡμῶν
713 1393 869 1456 θεοτόκου
893 1394 942 1455 καὶ
968 1391 1179 1470 ἀειπαρθὲνου
1204 1392 1356 1468 Μαρίας
1384 1394 1432 1454 καί

202 1504 359 1583 ἀπόδειξις
371 1506 405 1568 ἐκ
419 1509 553 1583 παλαιάς
570 1506 715 1584 ἱστορίας
730 1516 779 1569 καί
795 1508 966 1585 διαφόρων
978 1508 1162 1585 μαρτυρίων
1181 1506 1229 1570 ότι
1245 1508 1280 1570 ἐκ
1296 1510 1432 1585 σπέρμα-

202 1642 258 1698 τος
273 1622 437 1698 κατάγεται
447 1625 506 1685 τοῦ
521 1622 637 1685 Δαυίδ.
652 1653 685 1672 =
700 1622 725 1686 B
740 1623 788 1686 11.

244 1743 277 1800 6.
299 1736 379 1819 (Fal.
392 1737 552 1819 aaa-316.)
567 1738 634 1801 Τοῦ
648 1737 682 1801 ἐν
693 1737 795 1816 ἁγίοις
806 1739 929 1817 πατρὸς
941 1739 1031 1816 ἡμῶν
1042 1737 1242 1817 Ἀμφιλοχίαν
1255 1738 1432 1802 ἐπισκόπου

202 1852 332 1916 Ἰκονίου
347 1855 493 1931 διήγησις
505 1853 548 1930 είς
563 1855 620 1917 τόν
637 1854 707 1931 βίον
722 1857 770 1916 καί
783 1855 827 1931 είς
841 1855 880 1917 τὰ
896 1855 1040 1932 θαύματα
1061 1857 1120 1917 τοῦ
1137 1854 1171 1916 ἐν
1187 1852 1290 1930 ἁγίοις
1311 1855 1433 1931 πατρὸς

202 1968 292 2046 ἡμῶν
315 1969 520 2032 Βασιλείου
545 1969 796 2048 ἀρχιεπισκόπου
809 1969 984 2047 γεγονότος
1000 1969 1188 2048 Καισαρείας
1200 1968 1432 2046 Καππαδοκίας.

202 2114 240 2134 =
260 2083 329 2147 Bt.
1320 2084 1387 2149 Ian.
1404 2085 1430 2148 1.

671 2423 815 2471 srvat.
862 2398 964 2472 824.

235 2614 306 2668 Olim
318 2614 353 2667 ad
365 2615 468 2667 calcem
479 2613 578 2666 codicis
590 2611 679 2680 graeci
695 2614 765 2666 1556.

233 2713 433 2778 Membraneus,
459 2713 587 2766 soliorum
616 2715 655 2775 10,
677 2713 773 2777 00280
798 2720 823 2770 ><
851 2713 954 2778 Οθθῦῦ,
983 2712 1060 2766 lineis
1086 2712 1180 2780 plenis,
1205 2711 1296 2765 littera
1322 2711 1430 2775 unciali,

200 2829 271 2867 saec.
289 2813 395 2866 vul-tx
414 2818 552 2867 exaratua

233 2913 333 2977 Οιιοιιτ,
345 2912 513 2966 Ραοοίυιίίάι
522 2914 568 2965 dea
574 2913 638 2978 plue
649 2913 760 2965 anatona
769 2913 942 2975 manuscrits,
954 2910 990 2978 pl.
1002 2909 1059 2976 XV,
1072 2910 1117 2964 fol.
1130 2912 1168 2964 3⁹.

233 3011 360 3067 Continet
371 3011 523 3078 fragmenta
533 3008 745 3077 hagiographica
754 3009 809 3062 duo
823 3027 830 3062 ε

244 3186 272 3241 1.
295 3177 480 3256 Μαρτύριον
495 3180 552 3253 τῆς
567 3174 656 3252 ἁγίας
670 3174 832 3252 μάρτυρος
854 3173 1063 3252 Βαρβάρας.
1079 3207 1112 3228 =
1127 3173 1211 3236 770².

364 3295 416 3347 Sed
430 3293 474 3346 hic
487 3292 613 3345 mutilum
624 3295 673 3344 est.

241 3398 273 3456 2.
295 3393 379 3457 Acta
392 3395 579 3455 sanctorum
600 3389 774 3452 Andreae
797 3390 829 3452 et
851 3386 1048 3451 Matthiae.
1065 3386 1147 3450 =B.

363 3507 402 3560 Ex
417 3506 489 3560 hisce
501 3505 570 3558 foliis
582 3522 599 3558 a
610 3503 817 3557 Tischendorfio
830 3501 910 3555 edita.

668 3854 814 3903 ουννι.
860 3828 965 3904 916.

233 4045 372 4099 Foliorum
386 4045 439 4103 120.
451 4045 546 4110 0¹¹²,310
557 4051 582 4102 ><
597 4043 697 4107 ῦθάίῦ,
707 4043 777 4097 binis
787 4042 929 4108 columnis,
941 4047 1068 4097 exaratus
1079 4059 1150 4096 saec.
1161 4040 1208 4097 XI.

245 4221 274 4275 1.
296 4210 374 4294 (Fol.
399 4211 506 4291 1-16'.)
530 4209 714 4287 Μαρτύριον
729 4212 787 4272 τοῦ
804 4208 896 4284 ἁγίου
913 4209 962 4270 καί
986 4208 1120 4272 ἐνδόξου
1146 4209 1430 4288 μὲγαλομάρτυρος

200 4327 437 4406 Προκοπίου.
453 4357 486 4376 =
507 4325 533 4388 B
552 4326 578 4388 1.
1333 4325 1389 4389 Iul.
1403 4327 1431 4389 8.

366 4442 426 4494 Dan.
438 4442 524 4496 mutil.
535 4442 564 4493 in
574 4457 599 4494 n.
612 4441 654 4493 60.

243 4547 275 4604 2.
297 4540 376 4623 (Fol.
396 4539 526 4623 17-24v.)
548 4539 738 4620 Martyrium
753 4537 784 4601 S.
800 4536 980 4600 Marinae.

365 4656 419 4708 lnc.
431 4655 605 4722 acephalum:
651 4652 851 4707 κατατίθεσθαι
863 4651 921 4705 ἀλλ’
933 4653 949 4718 ἢ
959 4653 1138 4705 παντάπασιν
1150 4653 1260 4705 ἀθετεῖν
1268 4681 1301 4690 -
1313 4653 1377 4708 Des.
1387 4653 1432 4707 καί

333 4755 490 4820 θαυμάσιον
502 4754 727 4820 διαγωνισαμένη
739 4754 836 4819 ὥσπερ
848 4751 909 4805 λίαν
919 4753 1131 4818 κατησχυνετδν
1142 4752 1267 4818 ἐχθρόν...
1280 4753 1366 4820 ἀμήν.
