3284 5536
199 328 272 400 994
507 352 598 404 πνοι..
626 352 706 404 μιν.
733 353 845 404 Picis.
865 374 913 383 -
939 354 1018 405 coo.
1047 354 1123 408 ατο.

239 546 271 605 8.
294 539 372 622 (Fol.
397 541 569 623 lov-116.)
593 542 667 619 Βίας
692 544 740 605 καὶ
762 544 903 607 πολιτεία
925 547 984 608 τοῦ
1006 544 1102 607 ὁσίου
1125 544 1249 621 πατρὸς
1271 542 1424 620 ἡμῶνκαὶ

200 658 322 721 δικαίου
346 655 571 734 Εὐδοκίμου.
588 681 620 701 =
635 657 672 721 B.
1311 658 1366 722 lui.
1380 658 1425 723 31.

240 780 272 838 9.
294 772 372 855 (iol.
390 773 548 852 116-136.)
564 775 723 852 Διήγησις
738 774 919 852 Ἰωσήιτιτου
937 776 981 852 εἰς
1003 776 1040 839 τὸ
1057 776 1233 854 μαρτύριον
1248 779 1316 838 τιῦν
1332 775 1427 849 ἁγίων

200 889 461 966 Μακκαβαίων.
477 912 511 932 =
523 889 607 953 5482.
1043 921 1047 927 ·
1310 892 1390 974 Aug.
1407 894 1431 957 1.

244 1012 298 1069 10.
320 1004 399 1087 (iol.
424 1004 581 1087 136-165.)
596 1005 703 1085 Λόγος
719 1007 942 1084 διαλαμβάνων
956 1007 995 1070 τά
1018 1006 1080 1069 άπὸ
1096 1011 1154 1085 τῆς
1176 1009 1356 1085 σεβασμίας
1370 1029 1432 1086 γεν·

200 1123 328 1198 νήσεως
344 1124 393 1183 καί
409 1121 597 1199 ἀνατροφῆς
613 1127 669 1199 τῆς
693 1124 865 1200 δπεραγίας
882 1124 1055 1200 δεσποίνης
1077 1123 1168 1200 ἡμῶν
1196 1122 1395 1188 θεοτόκου

202 1239 335 1314 καὶπερὶ
352 1243 407 1314 τῆς
424 1239 646 1315 φανερώσεως
662 1244 719 1316 τῆς
741 1241 842 1316 τιμίας
858 1239 956 1317 αὐτῆς
971 1240 1110 1316 ἐσθῆτος
1132 1241 1182 1302 καὶ
1198 1239 1292 1317 ὁπως
1307 1240 1326 1302 ὁ
1342 1242 1435 1318 μέγας

201 1352 299 1430 οὗτος
314 1357 454 1430 πλοῦτος
468 1358 663 1431 χριστιανοῑς
678 1357 937 1432 τεθησαύρισται.
953 1387 986 1406 =
1004 1354 1120 1418 147411.

245 1477 300 1532 11.
323 1468 400 1551 (Fol.
420 1469 590 1549 1651791.)
618 1471 860 1534 Κωνσταντίνου
884 1472 918 1533 ἐν
940 1471 1067 1554 Χριστῷ
1091 1473 1250 1549 βασιλέως
1270 1472 1436 1550 Ῥωμαίων

166 1618 172 1627 -
203 1587 348 1662 διήγησις
360 1584 423 1648 ἀπὸ
439 1586 609 1662 διαφόρων
621 1585 834 1663 ἀθροισθεῖσα
849 1586 1003 1664 ἱστοριῶν
1018 1589 1087 1664 περὶ
1104 1592 1161 1665 τῆς
1176 1590 1262 1665 πρὸς
1284 1588 1436 1667 Αὔγαρον

202 1700 440 1777 ἀποσταλείσης
456 1701 699 1778 άχειροποιήτου
716 1703 803 1778 θείας
824 1703 949 1780 είκόνος
972 1702 1141 1780 Χριστοῦ
1164 1707 1223 1766 τοῦ
1240 1703 1330 1767 θεοῦ
1348 1705 1438 1781 ἡμῶν

203 1818 310 1893 καίὼς
333 1817 365 1880 ἐξ
392 1816 527 1894 Ἐδὲσης
552 1819 761 1896 μετεκομίσθη
789 1819 872 1895 πρὸς
896 1821 954 1895 τήν
979 1820 1218 1895 πανευδαίμονα
1240 1821 1365 1897 ταύτην
1392 1823 1440 1883 καὶ

204 1934 349 2012 βασιλίδα
364 1937 429 1996 τῶν
444 1933 570 1996 πόλεων
586 1933 932 1998 Κωνσταντινούττολιν.
948 1952 981 1973 =
996 1933 1021 1997 B
1038 1935 1068 1997 9.
1286 1936 1372 2018 Aug.
1393 1938 1439 2000 16.

246 2055 300 2112 12.
324 2048 613 2131 (i‘01.179v-197v.)
639 2049 744 2127 Λόγος
771 2050 994 2128 διαλαμβάνων
1021 2052 1060 2113 τὰ
1082 2050 1146 2114 ἀπὸ
1173 2055 1230 2129 τῆς
1244 2056 1443 2132 γεννήσεως,

203 2166 391 2244 ἀνατροφῆς
403 2167 452 2228 καὶ
463 2165 627 2244 ἀποτομῆς
642 2170 700 2229 τοῦ
717 2167 810 2242 ἁγίου
823 2169 872 2229 καὶ
889 2166 1022 2232 ἐνδόξου
1036 2169 1086 2229 καὶ
1101 2171 1281 2245 βαπτιστοῦ
1304 2168 1433 2234 Ἰωάν-

202 2303 269 2347 νου
292 2286 351 2346 τοῦ
367 2283 557 2360 προδρόμου
571 2285 701 2361 καὶπερὶ
716 2288 773 2360 τῆς
787 2283 888 2361 τιμίας
904 2283 1005 2346 αὐτοῦ
1023 2287 1177 2362 κεφαλῆς.
1199 2315 1230 2336 =
1254 2285 1377 2350 147412.

1289 2402 1378 2484 Aug.
1393 2402 1447 2466 99.

247 2523 300 2580 13.
325 2514 403 2597 (Foi.
432 2515 618 2596 197v-206v.)
635 2515 861 2593 Ὑπομνήματα
882 2519 947 2578 τῶν
967 2514 1005 2592 ιβ’
1028 2515 1217 2593 προφήτων.
1244 2516 1441 2595 Ὑπόμνημα

203 2633 247 2710 είς
262 2633 318 2696 τὸν
330 2634 502 2711 προφήτην
525 2631 646 2710 Ὡσήε.

368 2746 416 2799 Ed.
425 2748 455 2798 P.
467 2748 507 2810 d„
517 2744 633 2810 Lxxxl,
643 2744 708 2799 1559
720 2761 778 2813 sqq.

759 3026 885 3102 1598.

237 3225 309 3280 Olim
332 3224 470 3278 Michaelis
483 3224 636 3291 palaeologi
657 3224 808 3289 cuiusdam,
830 3229 925 3293 postea
948 3224 1092 3278 cardinalis
1113 3223 1217 3279 Nicolai
1237 3225 1351 3291 Ridolfi,
1368 3230 1448 3283 n059

205 3326 327 3379 decimae
340 3329 460 3387 octavae,
473 3330 531 3378 tum
544 3324 707 3378 Catharinae
719 3325 753 3378 dc
767 3325 881 3386 Medicis,
892 3324 989 3378 deinde
1000 3325 1098 3392 Regius
1109 3341 1194 3391 ocem,
1203 3327 1261 3392 707,
1270 3328 1348 3382 2012.

239 3425 378 3479 Foliorum
395 3425 452 3489 991,
460 3425 555 3487 0²,312
567 3432 592 3482 ><
602 3425 705 3488 09919,
716 3425 785 3477 binis
795 3424 939 3488 columnis,
950 3429 1078 3479 exoratus
1087 3441 1159 3480 saco.
1172 3425 1230 3481 1111.

239 3525 317 3578 Initio
330 3529 358 3578 et
377 3525 411 3577 ad
428 3526 531 3577 calcem
543 3524 711 3591 singularum
728 3522 851 3578 Vitarum
868 3524 992 3592 depictae
1010 3529 1075 3579 sunt
1085 3525 1218 3593 imagines
1238 3532 1401 3582 sanctorum
1419 3534 1447 3583 ei

207 3625 293 3681 codici
304 3625 440 3693 praefixus
452 3629 494 3677 est
505 3623 586 3677 index
600 3623 724 3677 Viiarum
737 3624 793 3688 (fol.
803 3625 845 3691 A).

252 3784 281 3839 1.
304 3773 382 3858 (Fol.
408 3775 501 3856 1-91.)
518 3775 591 3851 Βίας
611 3777 669 3837 τοῦ
692 3773 788 3838 ὁσίου
809 3776 931 3853 πατρὸς
953 3776 1044 3854 ἡμιῦν
1066 3774 1269 3854 Ἀρσενίου.
1287 3810 1320 3831 =
1338 3778 1445 3842 15481.

1327 3894 1404 3959 Mai.
1416 3896 1446 3960 8.

249 4015 280 4072 2.
303 4007 381 4090 (Fol.
407 4007 557 4090 21v-3lv.)
586 4006 773 4084 Μαρτύριον
798 4011 863 4071 τῶν
893 4007 993 4084 ἁγίων
1028 4007 1221 4087 Μανουήλ,
1258 4011 1363 4089 Σαβὲλ
1395 4013 1445 4074 καί

207 4123 331 4202 Ἰσμαῆλ
347 4124 623 4202 μαρτυρησάντων
639 4124 686 4186 ἐπὶ
703 4122 877 4187 Ἰουλιανοῦ
894 4128 953 4188 τοῦ
968 4125 1167 4203 παραβάτου.
1182 4125 1256 4189 =B
1272 4127 1302 4190 9.

247 4248 279 4305 3.
302 4240 380 4321 (Fol.
389 4240 533 4322 31v-47'.)
548 4240 622 4317 Βίας
634 4241 683 4301 καὶ
695 4242 836 4303 πολιτεία
848 4244 906 4304 τοῦ
918 4241 1014 4304 ὁσίου
1030 4243 1151 4320 πατρὸς
1164 4242 1254 4319 ἡμῶν
1270 4245 1445 4322 Σαμψὼν

206 4361 265 4420 τοῦ
279 4357 462 4434 ξενοδόχου.
476 4386 507 4407 =
524 4356 559 4419 B.
1309 4360 1380 4425 lun.
1396 4362 1448 4426 27.

246 4480 280 4536 4.
302 4472 747 4555 (Γολ471-691ῆὙπάμνημα
763 4472 977 4550 διαλαμβάνον
992 4477 1128 4551 μερικῶς
1143 4477 1221 4551 τοὺς
1244 4473 1377 4554 ἀγῶνας
1393 4479 1445 4541 καί

207 4589 288 4653 άθλα
299 4588 477 4666 ἀποδημίας
493 4611 525 4653 τε
542 4590 590 4651 καὶ
603 4589 765 4652 τελείωσιν
779 4592 844 4652 τῶν
860 4589 962 4666 ἁγίων
975 4591 1024 4652 καὶ
1037 4591 1229 4669 κορυφαίων
1240 4590 1443 4660 ἀποστόλων

207 4705 357 4784 Πέτρου
384 4707 433 4767 καὶ
454 4704 704 4768 Παύλου.ΞΒ
722 4705 750 4767 3.
1311 4709 1381 4775 lun
1393 4711 1444 4776 99.
