3284 5536
206 336 276 407 144
510 357 600 408 οισι.
628 356 708 408 παπ.
735 357 915 408 PAn1s.—
941 357 1021 409 con.
1049 353 1124 411 μου.

246 553 300 609 17.
322 544 401 627 (Fol.
421 545 607 627 1041-1111.)
635 545 821 623 Μαρτύριον
848 551 904 623 τῆς
933 545 1025 623 ἁγίας
1055 547 1220 624 μαρτύρος
1246 546 1429 623 Πελαγίας

204 665 260 738 τῆς
275 663 446 738 παρθένου.
459 683 490 704 =
506 660 628 742 (Pelag.
641 660 747 742 TarS.)
761 660 796 724 Β.
1321 663 1389 727 Oct.
1403 664 1430 727 8.

246 782 300 840 18.
323 775 402 857 (Fol.
441 776 612 859 1111-120.)
649 777 836 854 Μαρτύριον
873 780 938 840 τῶν
978 776 1077 852 ἁγίων
1118 777 1344 856 Εὐλαμπίου
1387 781 1428 841 καὶ

204 890 391 968 Εὐλαμπίας.
406 923 439 942 =
453 892 479 955 B
498 893 525 955 1.
1094 955 1097 961 ,
1302 894 1371 959 Oct.
1388 895 1429 959 10.

246 1014 300 1072 19.
322 1007 400 1090 (Pol.
419 1008 576 1090 120-122.)
592 1009 665 1085 Βίος
687 1010 737 1071 καὶ
751 1008 892 1071 πολιτεία
908 1012 963 1085 τῆς
979 1008 1070 1087 ἁγίας
1092 1008 1298 1087 Ζηναίδος.
1314 1044 1346 1064 =
1360 1010 1395 1074 B.

1305 1125 1432 1191 Οολίί.

244 1247 301 1304 20.
324 1239 402 1322 (Fol.
427 1239 601 1321 122-134v.)
617 1240 804 1318 Μαρτύριον
819 1243 885 1302 τῶν
901 1239 1000 1314 ἁγίων
1029 1239 1217 1319 Ταράχου,
1241 1241 1376 1320 Πρόβου
1390 1245 1433 1305 καί

203 1357 411 1433 Ἀνδρονίκου.
427 1356 499 1418 =B
518 1356 544 1433 1,
560 1356 685 1437 absque
700 1354 937 1419 additamento.
1303 1357 1435 1422 Oet.12.

244 1481 300 1537 21.
323 1473 401 1556 (Fol.
419 1473 592 1554 1341-136.)
608 1473 794 1550 Μαρτύριον
809 1475 878 1535 τῶν
893 1471 993 1547 ἁγίων
1023 1472 1189 1549 Κάρπου,
1214 1472 1373 1538 Παπύλου
1391 1478 1437 1538 καὶ

203 1589 417 1666 Ἀγαθωνίκης.
432 1612 465 1631 =
479 1588 506 1650 B
523 1588 548 1651 1.
1301 1588 1372 1654 Oet,
1389 1591 1435 1655 13.

243 1711 299 1768 22.
322 1704 590 1787 (8041361401.)
616 1704 801 1782 Μαρτύριον
819 1707 877 1766 τοῦ
905 1702 997 1779 ἁγίου
1022 1703 1212 1780 Λογγίνου
1238 1708 1297 1768 τοῦ
1313 1708 1440 1771 ἑκατον-

202 1821 321 1899 τάρχου
336 1824 395 1883 τοῦ
412 1821 505 1900 ἐντῷ
522 1821 654 1904 σταιίρῳ
667 1823 725 1883 τοῦ
741 1821 854 1896 κυρίου
872 1819 962 1897 ἡμῶν
976 1818 1003 1882 Ἰ.
1016 1818 1048 1881 Χ.
1061 1818 1133 1882 =B
1151 1820 1179 1883 1.
1305 1821 1377 1886 oct.
1391 1824 1438 1888 16.

245 1943 301 2000 23.
324 1935 403 2018 (Fol.
418 1936 589 2018 1461-148.)
601 1936 788 2014 Μαρτύριον
802 1939 867 1999 τῶν
882 1934 985 2012 ἁγίων
1012 1934 1212 2013 Ναζαρίου,
1226 1935 1440 2018 Πρωτασίου,

205 2055 379 2133 Γερβασίου
396 2055 445 2116 καί
461 2053 608 2116 Κελοίου.
1299 2052 1371 2119 Oet.
1389 2056 1440 2123 14.

368 2169 422 2222 lne.
435 2169 638 2231 Βασιλείιοντσς
649 2168 779 2233 Νέρωνος
792 2171 843 2220 τοῦ
856 2169 976 2233 ἀσεβοῦς
988 2170 1039 2233 τῆς
1051 2166 1198 2232 Ῥωμαίων
1217 2168 1312 2234 ἀρχῆς,
1324 2170 1442 2236 Πέτρου

336 2271 366 2322 δὲ
386 2269 430 2322 καί
449 2270 566 2322 Παύλου
585 2296 618 2305 -
639 2268 700 2320 Des.
720 2266 824 2333 τυφλοί
843 2269 888 2320 διά
907 2267 1047 2320 πλειόνων
1069 2267 1142 2320 ἐτῶν
1163 2267 1331 2334 ἀνέβλεψαν,
1353 2270 1440 2331 χωλαί

334 2369 568 2435 περιεπάτησαν...
582 2368 664 2432 άμήν.

245 2474 302 2532 24.
324 2467 403 2550 (Fol.
432 2466 603 2545 1481-149.)
632 2466 783 2543 Κοίμησις
808 2469 867 2528 τοῦ
894 2464 990 2541 ἁγίου
1022 2464 1209 2529 ἀποστόλου
1237 2467 1286 2528 καὶ
1311 2467 1441 2544 εὐαγγε·

204 2587 317 2648 λιστοῦ
339 2584 474 2646 Λουκά.
1303 2582 1375 2647 Oct.
1394 2584 1440 2648 18.

367 2691 420 2744 [nc.
439 2692 503 2753 Ταῖς
525 2689 628 2754 μνείαις
649 2694 708 2742 τῶν
729 2688 818 2754 ἁγίων
831 2691 985 2754 κοινωνεῖν,
1007 2688 1175 2756 ἀδελφοί-
1194 2688 1256 2742 Des.
1278 2692 1440 2757 εὺρεθῶμεν

334 2791 417 2857 μέρος
430 2791 540 2852 ἔχοντες
559 2789 604 2841 καί
616 2792 721 2856 κλῆρον
734 2788 793 2854 μετ’
806 2789 920 2843 αὐτοῦ...
933 2789 1017 2855 ἁμήν.

244 2890 401 2973 251801.
433 2889 590 2971 149-150.)
622 2889 808 2966 Μαρτύριον
836 2893 902 2952 τῶν
931 2887 1030 2965 ἁγίων
1059 2889 1223 2962 Δασίου,
1259 2889 1355 2952 Γαίου
1389 2891 1435 2952 καί

201 3008 357 3071 Ζωτικού.
1303 3004 1375 3070 Oct.
1392 3006 1436 3070 19.

366 3116 420 3168 luc.
433 3115 490 3180 Τὴν
502 3113 611 3168 Δασίου
625 3113 669 3167 καὶ
681 3114 811 3167 Ζωτικοῦ
832 3117 890 3166 τῶν
909 3113 1078 3177 ἁγιωτάτων
1091 3113 1246 3178 ὁμολογίαν
1259 3141 1292 3152 -
1312 3114 1374 3167 Dae.
1392 3114 1437 3167 καί

331 3216 487 3281 ἀπεράτους
496 3215 706 3280 παρεδώκασιν·
721 3213 922 3279 ἐμαρτύρησαν
936 3213 966 3265 δέ
979 3212 1005 3265 οἱ
1019 3213 1117 3276 ἁγιοι...
1131 3213 1213 3279 άμήν.

241 3321 298 3380 26.
320 3314 586 3398 (8011591521.)
607 3314 794 3391 Μαρτύριον
819 3315 878 3376 τοῦ
901 3311 994 3388 ἁγίου
1017 3314 1066 3374 καὶ
1089 3312 1224 3378 ἐνδόξου
1242 3313 1438 3392 μεγαλομάρ-

200 3451 299 3509 τυρος
315 3434 363 3494 καί
379 3433 629 3509 θαυματουργοῡ
657 3429 856 3506 Ἀρτεμίου.
872 3453 904 3473 =
923 3426 1007 3492 769⁸.
1302 3429 1373 3494 Oct.
1388 3429 1436 3492 20.

241 3546 787 3630 27.(1ὀί.1521-1551.)Διήγησις
812 3545 987 3623 θαυμάτων
1014 3546 1073 3608 τοῦ
1102 3544 1195 3621 ἁγίου
1223 3547 1273 3608 καί
1300 3546 1435 3611 ἐνδόξου

200 3665 481 3742 μεγαλομάρτυρος
506 3663 666 3741 Ἀρτεμίο
681 3684 709 3725 υ.

363 3773 417 3826 [nc.
430 3771 481 3825 0ίὰ
493 3788 534 3834 τις
546 3770 681 3825 εἰσελθὼν
694 3770 732 3833 είς
743 3772 917 3836 παράδεισον
938 3797 971 3808 -
991 3769 1052 3823 Des.
1074 3767 1119 3822 καὶ
1132 3769 1253 3835 ἄραντες
1276 3770 1327 3833 τάς
1344 3772 1435 3836 χεῖρας

332 3872 376 3925 ἐπί
386 3873 458 3924 πόλυ
472 3872 506 3923 τό
519 3871 596 3936 κόριε
608 3871 725 3937 ἐλέησον
736 3871 844 3933 πάντας
857 3871 994 3936 κράζειν...
1008 3870 1089 3936 ἀμήν.

243 3978 299 4036 28.
322 3971 401 4054 (801.
425 3971 610 4053 1551-1571.)
625 3971 810 4049 Μαρτιίριον
826 3975 891 4034 τῶν
906 3969 1006 4046 ἁγίων
1021 3969 1184 4047 νσταρίων
1210 3969 1437 4048 Μαρκιανοῦ

204 4090 253 4151 καὶ
268 4088 465 4166 Μαρτυρίου.
658 4098 662 4105 ’
1307 4083 1439 4150 00125.

368 4197 423 4249 lne.
443 4196 567 4261 Ἐγένετο
592 4197 662 4260 μετά
681 4197 716 4248 τὸ
739 4197 921 4260 τελειωθῆναι
944 4195 995 4246 τὸν
1019 4193 1237 4260 μακαριώτατον
1260 4192 1439 4260 Ἀλέξανδρον

337 4295 553 4362 ἀρχιεπίσκοπον
566 4294 929 4356 Κωνσταντινουπόλεως-
938 4292 1001 4346 Des.
1011 4292 1057 4346 καί
1068 4293 1121 4346 σὺν
1130 4296 1172 4360 τῷ
1182 4295 1331 4359 καθηγητῇ
1344 4293 1441 4346 αὐτῶν

336 4395 381 4449 καί
391 4400 572 4461 πνευματικῷ
584 4394 695 4460 πατρί...
709 4395 790 4460 ἀμήν.

247 4503 304 4561 29.
326 4494 697 4580 (Γολ.1571·1681.)8ίος
717 4497 777 4557 τοῦ
801 4493 897 4556 ὁσίου
913 4492 1036 4570 πατρὸς
1051 4491 1140 4570 ἡμῶν
1167 4490 1363 4570 Ἀβραμίου
1392 4495 1441 4556 καί

205 4619 261 4694 τῆς
276 4614 375 4677 αὐτοῦ
389 4611 523 4689 ἀνεψιαῖς
537 4611 663 4689 Μαρίας
677 4648 709 4668 =
723 4610 749 4673 B
766 4609 792 4674 1.
1303 4609 1374 4672 oct.
1390 4608 1440 4673 29.

369 4729 436 4782 Stilo
448 4728 514 4782 satis
526 4728 660 4782 differtab
673 4727 760 4781 editis.
