3284 5536
527 353 618 404 ιιιιιι.
647 353 726 402 νιν.
754 353 867 404 mus,
896 374 942 384 —
969 353 1048 403 con.
1076 353 1134 403 τοι.
1401 333 1443 404 31

211 557 273 596 rum
292 542 320 595 S.
339 542 486 597 Τίιοιιιαο
506 558 577 596 saec.
591 542 626 596 IX
639 547 791 597 exaratum,
809 543 864 596 ίιιο.
877 543 918 597 Οῦ
931 543 1051 597 δῦνοσοι
1063 543 1197 610 ἀληθινόν
1207 544 1297 608 όνομα
1312 545 1448 598 ἀκοῦσαι·

210 643 243 695 τό
253 643 284 695 δέ
292 643 484 709 χρηματισθὲν
493 643 572 710 αὐτῷ
582 645 673 709 όνομα
685 673 716 683 -
728 641 790 697 Des.
804 645 820 696 δ
833 645 864 698 δέ
874 644 1035 707 ἀπόστολος
1049 645 1152 710 θωμός
1166 643 1382 709 ἀπερχόμενος...

777 902 878 974 ΤίίΤ.

239 1079 311 1132 Olim
325 1080 570 1135 Fonteblaudensis
582 1083 640 1145 346,
654 1083 756 1147 Regius
770 1084 842 1137 1829.

238 1177 441 1242 Membraueus,
453 1180 582 1234 soliorum
594 1181 650 1245 241,
661 1182 758 1244 00385
774 1191 797 1239 ><
812 1183 907 1246 0⁰¹255,
920 1183 990 1236 binis
1001 1184 1146 1247 columnis,
1156 1201 1225 1238 saec.
1235 1185 1296 1239 Χίίί
1310 1191 1446 1241 exaratus,

206 1274 348 1330 Praefixus
369 1283 411 1331 ατί
429 1278 500 1332 libro
520 1278 578 1344 (fol.
591 1280 622 1340 Α,
644 1280 674 1336 Βι
703 1280 783 1333 index
804 1284 998 1335 contentorum
1021 1298 1084 1335 cum
1103 1281 1183 1336 titulo
1201 1282 1298 1349 Βίβλος
1319 1302 1445 1351 πανηγυ-

205 1376 277 1442 ρικῇ,
288 1380 341 1433 etc.
351 1376 498 1446 Sequentia
509 1393 544 1431 ex
554 1377 625 1432 libro
639 1379 778 1446 seligimus
793 1399 799 1432 :

249 1532 281 1586 1.
306 1524 386 1608 (Pol.
397 1525 532 1610 87-91v.)
546 1527 613 1590 Τοῦ
628 1527 663 1590 ἐν
679 1527 782 1605 ἁγίοις
798 1529 921 1606 πατρὸς
937 1529 1027 1606 ἡμῶν
1039 1531 1216 1608 Γρηγορίου
1239 1530 1444 1610 άρχιεπισκά-

204 1660 269 1702 που
300 1640 413 1719 Νύσης
442 1643 601 1720 ἐγκώμιον
630 1643 675 1719 είς
699 1644 756 1706 τὸν
786 1643 877 1720 άγιον
917 1644 1183 1723 μεγαλομάρτυρα
1218 1650 1277 1710 τοῦ
1304 1647 1443 1724 Χριστοῦ

206 1755 423 1834 Θεόδωρον.
440 1789 473 1809 =
488 1757 556 1821 132.
921 1759 966 1842 Τῇ
983 1760 1011 1823 α’
1027 1761 1179 1844 σαββάτῳ
1191 1767 1257 1826 τῶν
1271 1767 1439 1840 νηστειῶν.

246 1877 281 1935 2.
305 1871 385 1953 (Fol.
400 1873 550 1956 {nv-982]
564 1874 738 1951 Νεκταρίου
752 1874 1002 1953 άρχιεπισκόπου
1016 1876 1165 1954 Κπόλεως
1178 1880 1325 1955 διήγησις
1348 1879 1385 1941 δι’
1402 1881 1442 1957 ἢν

204 1988 306 2051 αἰτίαν
321 1994 367 2072 τῷ
383 1991 502 2073 πρώτῳ
519 1990 671 2072 σαββάτῳ
684 1995 750 2053 τῶν
764 1995 923 2068 νηστειῶν
939 1991 1132 2069 ἑορτάζομεν
1155 1995 1213 2070 τήν
1237 1995 1360 2071 μνήμην
1381 1998 1441 2058 τοῦ

202 2103 297 2180 ἁγίου
340 2104 623 2183 μεγαλομάρτυρος
663 2105 870 2183 Θεοδώρου
918 2110 967 2169 καί
1012 2110 1083 2185 περὶ
1126 2109 1347 2187 ἐλεημοσύνης
1390 2113 1441 2173 καὶ

200 2222 362 2299 νηστείας.
377 2221 497 2286 --Β3.
1170 2224 1215 2307 Τῇ
1231 2225 1311 2309 αὐτῇ
1328 2227 1439 2309 ήμέρηι.

244 2344 278 2402 3.
305 2336 385 2421 (Fol.
407 2337 574 2420 98‘2105'.)
600 2339 759 2416 Διήγησις
785 2341 953 2417 θαυμαστή
979 2341 1050 2417 περί
1077 2343 1136 2403 τοῦ
1162 2342 1338 2419 γενομένου
1362 2344 1439 2405 θαῦ-

201 2471 302 2530 ματος
317 2454 351 2517 ἐν
368 2455 501 2538 Βηρυτῷ
517 2454 605 2532 παρά
628 2459 684 2532 τῆς
707 2454 798 2532 ἁγίας
810 2454 935 2532 είκάνος
951 2455 1067 2533 Κυρίου
1091 2460 1150 2519 τοῦ
1174 2457 1259 2520 Θεοῦ
1283 2458 1439 2535 ἡμῶνκαὶ

200 2571 273 2646 περὶ
286 2570 437 2646 νηστείας
452 2571 502 2632 καὶ
516 2569 745 2647 ἐλεημοσύνης.
758 2600 796 2620 =
808 2569 893 2633 5212.
999 2571 1134 2654 Κυριακῇ
1148 2571 1176 2634 α’
1188 2576 1253 2636 τῶν
1269 2578 1438 2650 νηστειῶν.

241 2689 278 2747 4.
302 2683 382 2766 (Pol.
410 2683 599 2766 105v-117v.)
627 2685 786 2762 Διήγησις
815 2689 1014 2764 ψυχωφελής
1042 2689 1111 2764 περὶ
1140 2692 1198 2764 τῆς
1224 2692 1283 2750 τοῦ
1314 2689 1432 2767 Κυρίου

202 2800 328 2878 εἰκόνος
342 2804 407 2863 τῶν
422 2801 685 2879 Χαλκοπρατείων
701 2800 739 2863 δι’
755 2803 794 2879 ήν
806 2801 906 2864 αίτίαν
921 2802 1035 2878 ἐκλήθη
1049 2802 1274 2881 άντιφωνητής
1292 2807 1341 2866 καί
1359 2808 1431 2883 περὶ

203 2915 381 2994 Θεοδώρου
397 2918 580 2994 ναυκλήρου
597 2919 646 2979 καὶ
661 2916 825 2995 Ἀβραμίου
846 2920 905 2980 τοῦ
925 2916 1085 2995 Ἑβραίου.
1099 2950 1136 2969 =
1151 2917 1252 3000 (Iesus
1272 2918 1432 3002 Christus)

202 3031 271 3094 33.
1225 3034 1270 3117 Τῇ
1287 3035 1365 3118 αὐτῇ
1382 3037 1433 3114 ήμ.

241 3155 275 3212 5.
300 3147 380 3230 (Fol.
404 3147 591 3230 117v-126v.)
613 3148 772 3226 Διήγησις
794 3149 1058 3226 διαλαμβάνουσα
1080 3151 1149 3226 περὶ
1175 3154 1239 3213 τῶν
1262 3151 1362 3226 ἁγίων
1386 3154 1436 3214 καὶ

200 3268 329 3327 σεπτιῦν
347 3265 481 3328 εἰκόνων
500 3266 549 3326 καὶ
576 3262 667 3340 ὅπως
690 3266 740 3326 καὶ
756 3263 793 3325 δι’
821 3266 860 3342 ’ἠν
876 3264 975 3327 αἰτίαν
991 3267 1149 3342 παρέλαβε
1164 3268 1221 3342 τήν
1237 3266 1431 3344 όρθοδοξίαν

199 3380 338 3457 ἐτησίως
360 3383 462 3444 τελεῖν
484 3386 522 3461 τῇ
545 3380 657 3462 πρώτῃ
685 3385 818 3461 κυριακῇ
846 3383 912 3443 τῶν
933 3379 1033 3455 ἁγίων
1059 3385 1216 3458 νηστειῶν
1242 3382 1260 3459 ἡ
1281 3383 1354 3458 ἁγία
1369 3387 1428 3446 τοῦ

200 3495 286 3559 Θεοῦ
302 3495 461 3573 ἐκκλησία.
478 3526 508 3546 --
524 3493 725 3577 (Theodora)
736 3494 762 3557 B
775 3494 804 3558 3.
1221 3497 1266 3581 Τῇ
1283 3498 1362 3581 αὐτῇ
1379 3499 1429 3577 ήμ.

239 3619 273 3676 6.
298 3611 568 3694 (F01.126v-130.)
589 3611 777 3688 Ὑπόμνημα
800 3612 980 3688 διηγήσεως
1008 3616 1230 3690 ψυχωφελοῦς
1255 3613 1430 3692 ἀθροισθὲν

199 3728 233 3792 ἐκ
255 3729 427 3806 διαφόρων
447 3727 610 3806 ἱστορίων,
632 3727 768 3805 μάλιστα
791 3730 826 3790 δέ
842 3726 876 3789 ἐκ
898 3731 954 3805 τῆς
976 3728 1021 3804 εἰς
1046 3728 1209 3805 Θεόφιλον
1224 3731 1281 3793 τὸν
1297 3733 1431 3808 βασιλέα

199 3845 436 3922 ἀποσταλείσης
449 3844 647 3921 πολυστίχου
664 3843 836 3920 ἐπιστολῆς
847 3844 933 3920 παρά
948 3848 1013 3907 τών
1028 3845 1199 3922 προέδρων
1219 3849 1278 3908 τοῦ
1298 3845 1432 3912 Ἀλεξαν-

199 3963 312 4040 δρείας,
328 3961 510 4039 Ἀντιοχείας
524 3961 574 4022 καὶ
589 3958 821 4038 Ἱεροσολύμων
832 3963 902 4038 περί
918 3963 977 4022 τοῦ
991 3963 1056 4024 δεῖν
1072 3963 1161 4037 τιμάν
1172 3978 1206 4024 τε
1222 3963 1271 4024 καὶ
1282 3979 1427 4040 προσκυ-

198 4082 262 4142 νεῑν
277 4079 334 4156 τάς
344 4081 411 4141 τῶν
427 4077 527 4152 ἁγίων
543 4076 663 4152 σεπτάς
679 4077 728 4138 καί
740 4075 827 4153 ἱεράς
842 4076 977 4153 εἰκόνας.
1225 4078 1270 4161 Τῇ
1284 4078 1361 4162 αὐτῇ
1379 4081 1429 4158 ἡμ.

362 4194 417 4247 ίιτο.
427 4192 455 4246 Εί
467 4191 512 4245 καί
522 4195 557 4259 τῇ
569 4190 681 4258 παιδείᾳ
692 4192 809 4258 άμοιρος
823 4192 867 4245 καί
879 4192 1017 4258 ἀμέτοχος
1030 4194 1046 4245 ό
1059 4195 1145 4256 τάλας
1158 4194 1215 4258 ἐγώ
1227 4222 1260 4232 -
1272 4195 1334 4248 Des.
1343 4197 1431 4250 ἀσπα-

328 4294 445 4358 σώμεθα
458 4293 489 4345 δέ
500 4291 553 4358 τήν
561 4289 696 4358 νηστείαν
708 4289 753 4343 καί
762 4294 814 4343 τοῦ
825 4289 886 4356 βίου
898 4292 1031 4358 πολλὴν...
1045 4293 1126 4359 ἀμήν.

236 4399 269 4456 7.
291 4391 372 4475 (Fol.
397 4391 555 4473 130-136.)
580 4389 648 4454 Τοῦ
677 4390 712 4453 ἐν
741 4391 844 4468 ἁγίοις
868 4393 990 4468 πατρὸς
1016 4391 1106 4469 ήμῶν
1135 4392 1154 4454 Γ
1157 4393 1312 4470 ρηγορίου
1342 4393 1431 4458 πάπα

196 4506 320 4587 Ῥώμης
334 4509 488 4585 ἐπιστολή
499 4507 611 4586 πρώτη
624 4507 708 4585 πρὸς
723 4506 781 4570 τὸν
792 4505 913 4570 Λέοντα
929 4508 1061 4584 βασιλέα
1075 4508 1133 4572 τὸν
1143 4507 1305 4588 Ἴσαυρον.

1219 4625 1264 4708 Τῇ
1281 4626 1361 4709 αὐτῇ
1379 4627 1429 4705 ἡμ.

361 4707 553 4770 mli-Em,
567 4707 630 4773 Bey.
640 4707 717 4760 Pont.
727 4706 812 4768 Rom„
821 4705 895 4758 2180.
