3284 5536
400 354 490 407 υιυι..
517 353 598 408 ιιιιπ.
622 354 735 406 mals,
758 375 801 384 —
828 354 908 406 σου.
936 350 1011 405 ιιω.
1276 331 1331 404 87-

130 552 163 610 2.
185 545 265 630 (Pol.
280 545 374 629 3-7’.)
385 545 558 625 Νεοφύτου
569 546 794 624 πρεσβυτέρου
808 547 951 623 μοναχού
965 547 1015 607 καὶ
1026 544 1212 621 ἐγκλείστου
1225 544 1324 620 έγκώ-

84 684 160 742 μιον
171 662 216 741 εἰς
226 663 284 726 τὸν
295 661 388 739 ἅγιον
398 665 457 726 τού
469 661 609 741 Χριστοῦ
622 661 889 739 μεγαλομάρτυρα
910 659 1094 738 Μόμαντα
1116 662 1166 723 καὶ
1177 662 1249 738 περὶ
1260 664 1326 724 τῶν

86 779 193 843 αύτοῡ
207 777 425 855 γεννητόρων.

253 893 308 946 lue.
324 893 426 957 Μόμας
443 893 458 944 ό
476 892 562 958 μέγας
580 891 626 946 καί
646 893 815 959 περιβόητος
834 891 879 944 καί
899 895 958 945 τιύν
978 895 1095 957 Χριστοῦ
1117 892 1326 957 μαρτύρων...δ

220 991 356 1058 θεράπων
373 995 433 1044 τιύν
460 992 563 1045 δεινιύν
577 1019 612 1031 -
631 991 694 1045 Des.
713 990 759 1044 καί
779 990 876 1054 ἐλέους
895 993 1114 1055 καταξιωθιύμεν
1131 992 1192 1054 ταῖς
1213 992 1327 1056 θερμαῖς

223 1090 456 1157 ίκεσίαις...ἀμήν.

127 1200 163 1259 3.
190 1192 272 1274 (Fol.
288 1191 405 1274 7v-12.)
435 1191 609 1271 Νεοφύτου
625 1191 828 1269 ..ἐγκώμιον
864 1190 909 1268 είς
933 1192 991 1254 τὸν
1020 1193 1108 1255 θεῖον
1130 1190 1328 1270 ἀρχάγγελον

85 1309 238 1386 Μιχαὴλ
259 1309 317 1371 τὸν
331 1308 560 1384 παμμὲγιστον.
1191 1305 1281 1388 Sept.
1296 1307 1326 1369 6.

253 1424 309 1477 Ine.
318 1424 429 1491 Μιχαὴλ
441 1424 493 1476 τόν
503 1423 699 1489 παμμέγιοτον
710 1422 756 1476 καί
768 1423 857 1488 μέγαν
873 1421 1023 1488 ταξίαρχον
1035 1450 1068 1460 -
1080 1423 1142 1477 ὓω.
1153 1421 1326 1489 έπίστρεψον

222 1522 345 1583 τάχιστα
355 1522 402 1576 ίνα
414 1522 459 1576 καί
470 1523 547 1590 ἡμεῖς
559 1524 630 1588 μετὰ
640 1523 756 1575 πόντων
767 1526 827 1575 τῶν
840 1521 1068 1574 εὐπαθούντων...
1078 1523 1160 1587 ἀμήν.

123 1644 165 1700 4.
185 1635 267 1717 (rol.
289 1636 423 1718 12v-15.)
452 1637 625 1715 Νεοφύτου
641 1685 649 1700 .
664 1685 672 1700 .
686 1637 785 1714 λόγος
810 1636 874 1714 μετ’
890 1636 1056 1713 ἐγκωμίων
1077 1637 1122 1713 εἰς
1143 1638 1180 1699 τὸ
1206 1637 1325 1701 πάνσε-

79 1773 171 1816 πτον
193 1754 245 1815 καὶ
265 1754 353 1815 θεῖον
374 1753 537 1828 γενέθλιον
558 1757 615 1830 τῆς
634 1753 858 1830 παναχράντου
881 1752 1056 1828 δεσποίνης
1070 1751 1160 1829 ἡμῶν
1186 1752 1326 1816 Θεοτό-

81 1888 158 1930 κου
182 1868 234 1929 καὶ
248 1865 461 1945 ἀειπαρθένου
475 1866 608 1944 Μαρίας.

254 1981 309 2035 Ine.
329 1983 405 2049 Ἀρχὴ
416 1983 524 2046 παντὸς
541 1986 651 2048 καρπού
663 1983 697 2036 τό
715 1983 801 2046 ἄνθος
814 2011 847 2022 -
859 1982 920 2036 Des.
929 1983 983 2048 τήν
996 1982 1104 2049 σεπτήν
1122 1996 1177 2035 σου
1190 1983 1325 2050 γέννησιν

224 2080 439 2148 θεοχαρίτωτε...
452 2081 534 2149 ἀμήν.

129 2189 166 2247 5.
190 2180 272 2263 (fol.
309 2181 442 2263 ww.)
478 2180 651 2260 Νεοφύτου
667 2230 698 2245 ..
719 2181 819 2259 λόγος
847 2182 919 2260 περὶ
943 2183 1031 2259 τινὸς
1053 2185 1197 2261 μοναχού
1220 2183 1255 2246 έν
1287 2189 1325 2266 τῇ

83 2297 287 2379 Παλαιστίνῃ
309 2297 438 2360 κατὰτὸ
454 2296 552 2378 ,ςχ4γ’
564 2297 645 2375 έτος,
661 2298 717 2361 ἰνδ.
730 2296 767 2373 γ’,
789 2299 861 2374 μηνὶ
884 2298 1092 2381 σεπτεμβρίῳ,
1107 2300 1194 2377 παρὰ
1216 2301 1326 2377 δαιμό-

84 2434 158 2478 νων
173 2413 395 2490 ύπατηθέντος
409 2414 460 2475 καὶ
474 2412 717 2490 ἐκπεπτωκότας
731 2415 852 2490 δεινῶς.

257 2528 314 2581 lnc.
324 2527 403 2593 Ἀκοὴ
415 2528 465 2593 μέν
478 2528 552 2591 ιύτός
564 2532 659 2592 καθιύς
673 2528 829 2593 γέγραπται
842 2528 949 2594 ἢκουον
961 2529 1007 2581 διὰ
1024 2529 1119 2593 λόγον.
1132 2557 1164 2567 -
1182 2529 1243 2583 [λου.
1256 2531 1326 2583 ἀλλὰ

225 2629 270 2690 σύ,
279 2628 366 2692 κύριε,
378 2630 463 2692 ρύσαι
475 2628 546 2693 ἡμᾶς
559 2628 616 2679 ἀπὸ
625 2630 677 2680 τού
685 2630 824 2692 πονηροῦ.

130 2748 164 2807 θ.
186 2741 268 2824 (Fol.
296 2741 431 2824 θέτ’·θθ.)
457 2741 629 2822 Νεοφύτου
645 2790 674 2805 ..
697 2742 796 2818 λόγος
823 2742 867 2818 εἰς
901 2743 941 2805 τὰ
975 2742 1114 2818 έγκαίνια
1146 2748 1204 2821 τῆς
1233 2744 1325 2821 ἁγίας

88 2858 313 2935 Ἀναστάσεως
329 2859 463 2934 καὶπερὶ
477 2859 599 2935 παντὸς
613 2856 701 2935 ίεροῡ
718 2857 974 2934 έγκωνιζομένου
990 2860 1083 2921 ναοῦ.

255 2972 430 3040 λιταἎπειρα
441 2974 536 3039 μέντοι
544 2972 589 3026 καί
596 2975 732 3040 γλαφυρὰ
740 2975 777 3026 τὰ
784 2973 849 3039 περὶ
861 2975 1012 3040 διαφόρων
1020 2973 1217 3039 έγκαινισμιύν.
1225 3003 1258 3011 -
1265 2974 1328 3028 Des,

223 3073 269 3126 διὰ
277 3072 402 3138 λούτρου
413 3071 639 3137 παλιγγενεσίας·
650 3073 694 3125 διό
706 3072 751 3125 καί
764 3074 857 3127 δόξα...
870 3073 952 3139 όμὴν.

131 3196 165 3253 ⁷.
187 3188 268 3270 (FoL
283 3188 433 3272 29'38'.)
450 3188 623 3267 Νεοφύτου
640 3238 647 3251 .
663 3237 670 3252 .
685 3189 843 3266 ἐγκώμιον
854 3188 898 3265 εἰς
909 3189 967 3252 τὸν
978 3189 1080 3268 τίμιον
1096 3191 1145 3253 καὶ
1161 3192 1328 3256 Ζωοποιὸν

89 3306 265 3383 σταυρὸν
281 3305 409 3382 καὶπερὶ
420 3307 479 3368 τού
490 3304 654 3383 σωτηρίου
666 3304 794 3382 πάθους
803 3307 863 3368 τού
877 3305 990 3382 κυρίου
1004 3307 1053 3368 καὶ
1061 3306 1147 3369 Θεοῦ
1159 3308 1208 3369 καί
1222 3312 1328 3385 σωτῆ-

89 3442 149 3500 ρος
160 3421 253 3500 ἡμῶν
268 3421 285 3484 Ι.
300 3420 333 3484 Ἀ
347 3421 418 3499 περὶ
430 3419 470 3484 οὑ
485 3422 536 3484 καὶ
550 3420 652 3484 ἱκαναὶ
666 3423 862 3499 προφητικαὶ
874 3422 1050 3499 μαρτυρίαι.
1155 3424 1210 3501 Εἰς
1224 3424 1264 3486 τὰ
1279 3424 1327 3486 ιδ’.

255 3535 475 3604 Ιαο.Σταυρικης
483 3538 671 3604 πανηγύρεως
684 3535 729 3590 καί
741 3537 920 3602 ἀνυψώσεως
931 3537 1055 3604 σήμερον
1065 3539 1206 3605 ἀγομένης
1218 3566 1250 3576 -
1264 3540 1327 3594 Des.

223 3636 269 3690 καί
280 3636 334 3689 σὺν
345 3639 405 3700 τοῖς
415 3637 526 3699 δούλοις
539 3636 628 3689 υύτού
638 3637 841 3699 συνδοξάσυς...
853 3637 936 3702 ἀμήν.

130 3741 166 3800 8.
187 3733 269 3818 (Ρολ
311 3734 462 3819 38’-57έ.)
502 3735 677 3815 Νεοφύτου
704 3785 733 3798 ..
773 3735 1024 3815 έγκωμιαστικὸς
1060 3738 1159 3815 λόγος
1192 3737 1236 3815 εἰς
1268 3739 1326 3815 τήν

86 3851 295 3929 παγκόσμιον
310 3851 445 3929 ύψωσιν
456 3855 514 3915 τού
525 3852 628 3930 τιμίου
645 3854 694 3916 καί
709 3855 873 3917 Ζωοποιού
895 3856 1068 3931 σταυροῦ
1092 3853 1126 3917 έν
1142 3853 1257 3936 ῴιέστι
1277 3855 1327 3916 καὶ

87 3967 361 4046 τρανὴθεολογίο.

258 4081 313 4136 Ine„
324 4083 422 4147 Μονὰς
433 4082 563 4150 τρισαγία
574 4082 620 4137 καί
631 4085 806 4151 ύπερόναρχε
824 4111 857 4121 -
869 4084 931 4138 Des.
947 4085 992 4136 διὰ
1003 4083 1125 4148 πίστεως
1139 4085 1184 4138 καί
1195 4087 1326 4151 πράξεων

229 4182 344 4246 ἀγαθῶν
354 4182 427 4248 πρός
438 4184 492 4249 τὴν
504 4183 592 4237 αὐτού
606 4183 770 4248 βασιλείαν...
783 4185 864 4250 ἀμήν.

133 4302 170 4361 θ.
194 4294 274 4377 (rol.
300 4297 433 4380 571-77.)
454 4298 627 4377 Νεοφύτου
644 4348 675 4363 ..
703 4301 775 4378 περὶ
798 4305 855 4378 τῆς
878 4300 1117 4379 ἀποκαλύψεως
1144 4305 1203 4365 τοῦ
1231 4301 1325 4379 ἁγίου

88 4411 271 4477 Ἰωάννου
292 4417 351 4477 τού
362 4414 519 4491 θεολόγου
535 4415 681 4495 σαφίνηα
696 4416 747 4479 διὰ
763 4417 917 4495 βραχέων.

260 4528 315 4584 luc.
330 4529 419 4593 Μόλις
435 4531 594 4597 περιτυχὼν
613 4530 649 4598 ἢν
676 4529 755 4593 εἲχον
774 4531 803 4586 ἐξ
827 4533 913 4598 ἀκοῆς
935 4533 1114 4600 ἀποκάλυψιν
1131 4562 1165 4573 -
1176 4534 1240 4589 Des.
1256 4536 1327 4600 ἔργα

230 4627 361 4682 ἐπιτελεῖν
371 4631 434 4684 όξια
444 4632 496 4697 τῆς
508 4630 622 4698 έν-αέπῇ
634 4631 801 4696 κατοικίας...
815 4632 898 4699 ἀμήν.

262 4727 389 4800 Sequitur
395 4728 504 4797 (mr)
514 4728 662 4796 Ἀπόλογος
672 4731 702 4784 έν
710 4734 769 4795 τοῖς
782 4733 1018 4799 ἀμφισβητοῦσιν.
