3284 5536
353 429 444 480 Βιοι.
471 427 758 481 m.1³Anls.-
785 428 865 482 σου.
891 427 1000 479 ροισι.
1029 425 1088 478 ιον.
1262 403 1332 476 317

147 626 176 682 1.
198 619 277 702 (Fol.
290 619 369 699 4-7.)
384 619 489 697 Λόγος
500 619 546 697 εἰς
561 621 619 697 τήν
634 619 834 697 όκταήμερον
848 619 1021 696 περιτομήν
1035 619 1096 681 τοῦ
1113 616 1226 694 κυρίου
1243 616 1334 692 ἡμῶν

103 734 210 813 Ἰησοῦ
222 734 362 814 Χριστοῦ
378 737 427 798 καὶ
443 735 573 813 ἔπαινος
589 735 640 798 διὰ
655 735 800 813 βραχίων
819 735 863 812 είς
877 735 934 798 τὸν
950 735 1047 811 μέγαν
1070 733 1278 797 Βασίλειον.
1296 763 1334 781 =

104 851 130 915 Β
145 851 175 915 5.
1223 847 1289 911 Ian.
1308 848 1334 911 1.

146 972 177 1031 2.
200 966 280 1048 (Fol.
295 966 393 1047 8-99.)
417 967 618 1046 Ἀμφιλοχίου
642 967 820 1031 ἐπισκόπου
844 965 973 1030 Ἰκονίου
997 967 1041 1043 εὶς
1055 966 1113 1028 τὸν
1136 965 1205 1043 βίον
1227 964 1336 1027 καὶτὰ

104 1084 248 1161 θαύματα
262 1087 322 1146 τοῦ
346 1083 380 1146 ἐν
396 1084 498 1159 ἁγίοις
512 1085 635 1161 πατρὸς
658 1084 749 1161 ἡμῶν
772 1083 976 1146 Βασιλείου
1000 1081 1251 1160 ἀρχιεπισκόπου
1269 1080 1336 1142 Και-

104 1201 236 1277 σαρείας
251 1199 474 1276 Καππαδοκίας
489 1203 548 1263 τοῦ
563 1199 712 1277 μεγάλου.
728 1222 761 1242 -
776 1198 802 1262 Β
817 1199 847 1262 ό.
1225 1197 1290 1261 lan.
1309 1197 1335 1259 1.

144 1323 177 1380 3.
201 1314 279 1396 (Fol.
295 1314 430 1398 30-45v.)
445 1315 520 1392 Βίος
531 1318 580 1377 καὶ
596 1316 736 1379 πολιτεία
757 1319 816 1378 τοῦ
843 1315 877 1378 ἐν
892 1313 993 1391 ἁγίοις
1007 1314 1128 1391 πατρὸς
1144 1314 1235 1391 ἡμῶν
1256 1313 1335 1375 Σιλ·

105 1433 271 1510 βὲστρου
293 1431 383 1494 πάπα
398 1430 531 1509 Ῥώμης.
1230 1430 1295 1493 Ian.
1307 1429 1336 1493 9.

268 1545 323 1598 Ιιιο.
344 1546 377 1599 01
398 1546 447 1611 μέν
468 1547 566 1600 σεπτοί
588 1547 633 1600 καί
654 1548 772 1600 θεόπται
801 1547 956 1600 ἀπόστολοι
977 1550 1072 1599 πᾶσαν
1095 1545 1148 1612 τήν
1169 1545 1337 1610 οἰκουμένην

235 1645 457 1710 περιελθόντες...
471 1646 563 1709 Οῦτος
576 1647 607 1699 δὲ
618 1647 646 1699 Σ.
659 1647 675 1698 δ
689 1647 832 1712 θεοφόρος
846 1645 922 1699 ἐστίν
934 1674 967 1683 -
979 1646 1041 1698 Des.
1051 1644 1095 1698 καί
1107 1646 1222 1708 τελέσας
1232 1645 1336 1707 αὐτοῦς

237 1748 279 1810 τῷ
290 1742 357 1811 θείῳ
371 1743 539 1810 βαπτίσματι
548 1745 592 1798 ἐπί
604 1751 638 1811 τῇ
651 1749 702 1812 τῆς
712 1743 792 1810 ἁγίας
801 1746 916 1811 τριάδος
929 1744 1071 1810 ὀνόματι...
1084 1745 1165 1810 ἁμήν.

145 1848 180 1905 4.
203 1842 582 1925 (Βοί.68-77.)Διήγησις
597 1844 746 1922 Ἀμωνίου
763 1848 906 1922 μοναχοῦ
928 1845 999 1921 περὶ
1020 1847 1087 1906 τῶν
1103 1844 1335 1921 ἀναιρεθέντων

106 1957 169 2021 ἀπὸ
185 1963 252 2022 τῶν
268 1959 439 2037 βαρβάρων
465 1960 565 2036 ἁγίων
587 1960 735 2037 πατέρων
756 1959 854 2043 ἐντῷ
877 1959 944 2038 ὄρει
966 1960 1056 2042 Σινᾷ
1078 1961 1127 2022 καί
1143 1959 1177 2022 ἐν
1192 1965 1229 2041 τῇ
1245 1958 1336 2022 Ῥαί-

106 2077 184 2137 θοῦ.
200 2073 280 2137 =B.
1206 2074 1271 2138 Ian.
1289 2074 1336 2137 14.

147 2197 179 2255 5.
201 2189 281 2271 (Fol.
297 2190 431 2274 77-84'.)
446 2191 520 2268 Βίος
535 2192 584 2254 καὶ
600 2191 740 2254 πολιτεία
754 2194 813 2254 τοῦ
835 2191 931 2254 όσίου
951 2193 1074 2269 πατρὸς
1100 2192 1191 2270 ἡμῶν
1216 2189 1334 2255 Ἰωάν·

104 2325 174 2369 νου
196 2309 256 2368 τοῦ
273 2306 324 2368 διὰ
338 2305 475 2384 Χριστὸν
490 2310 630 2384 πτωχοῦ.
645 2305 775 2369 Ξ9361.
1205 2307 1271 2371 lan.
1288 2306 1335 2370 15.

148 2428 180 2486 θ.
203 2420 282 2503 (Fol.
298 2421 451 2503 84¹-113.)
467 2423 540 2498 Βίος
556 2424 604 2484 καὶ
619 2423 760 2485 πολιτεία
775 2425 833 2484 τοῦ
850 2421 946 2485 όσίου
962 2424 1084 2500 πατρὸς
1100 2424 1191 2500 ἡμῶν
1209 2423 1336 2486 Ἀντω-

107 2538 191 2602 νίου
216 2540 417 2617 συγγραφεῖς
439 2538 502 2601 ὑπὸ
518 2537 704 2601 Ἀθανασίου
729 2537 978 2616 όρχιεπισκόπου
1002 2538 1239 2618 Ἀλεξανδρείας.
1253 2564 1286 2584 =
1300 2539 1336 2603 B.

1200 2655 1266 2719 Ian.
1288 2655 1335 2719 17.

148 2777 180 2833 ’7.
203 2769 283 2851 (Fol.
299 2769 471 2852 113-131v.)
487 2769 560 2846 Βίος
576 2774 625 2832 καί
640 2771 781 2833 πολιτεία
801 2774 861 2833 τοῦ
878 2771 912 2833 ἐν
931 2771 1032 2848 ἁγίοις
1046 2772 1169 2850 πατρὸς
1184 2773 1335 2849 ἡμῶνκαὶ

105 2882 310 2961 όμολογητοῦ
334 2883 556 2948 Ἀθανασίου
580 2883 831 2962 ἁρχιεπισκόπου
848 2884 1190 2964 ἈλεξανδρείαςτΒί.
1206 2885 1273 2951 Ian.
1287 2887 1333 2949 18.

146 3022 178 3080 8.
200 3015 278 3098 (Fol.
304 3016 477 3096 131v-158.)
493 3017 567 3092 Βίος
582 3019 632 3078 καὶ
655 3015 778 3093 ἀγῶνες
794 3020 843 3080 καί
864 3017 998 3096 ἄθλησις
1020 3023 1080 3082 τοῦ
1103 3019 1198 3083 ἁσίου
1213 3020 1336 3096 πατρὸς

105 3134 194 3210 ἡμῶν
216 3132 388 3209 Μαξίμου
411 3136 471 3196 τοῦ
488 3133 702 3210 όμολογητοῦ.
718 3133 788 3196 =B
804 3134 830 3196 1.
1202 3135 1269 3198 Ian.
1285 3133 1335 3198 91.

145 3271 178 3328 9.
201 3263 280 3346 (Βοί.
299 3263 457 3343 158-183.)
472 3264 659 3342 Μαρτῦριον
673 3268 732 3328 τοῦ
755 3264 847 3340 ἁγίου
870 3266 1155 3344 μεγαλομόρτυρος
1177 3268 1336 3344 Κλήμεν-

104 3399 169 3457 τος
192 3379 372 3443 ἐπισκόπου
389 3379 545 3457 Ἀγκύρας.
561 3411 594 3432 =
612 3380 647 3443 B.
1204 3382 1270 3447 Ian.
1285 3383 1335 3447 93.

149 3520 203 3576 10.
226 3511 307 3594 (Fol.
335 3511 493 3593 183189.)
518 3513 592 3590 Βίος
618 3514 667 3575 καί
689 3514 829 3577 πολιτεία
851 3518 908 3592 τῆς
931 3514 1025 3592 ὁσίας
1049 3514 1258 3593 Εὐσεβείας
1279 3520 1337 3594 τῆς

105 3628 528 3707 μετονομασθείσηςΞένης.
543 3628 623 3692 =B.
1203 3631 1269 3694 Ian.
1285 3631 1334 3694 94.

148 3761 202 3817 11.
225 3751 304 3835 (Fol.
333 3752 491 3832 189-906.)
519 3753 592 3830 Βίος
607 3755 656 3815 καὶ
678 3755 819 3817 πολιτεία
833 3758 891 3817 τοῦ
916 3755 949 3818 ἐν
971 3754 1072 3831 ἁγίοις
1097 3757 1221 3832 πατρὸς
1246 3755 1336 3833 ἡμῶν

106 3870 313 3948 Γρηγορίου
337 3872 395 3932 τοῦ
412 3869 581 3944 θεολόγου.
593 3900 626 3919 =
640 3869 666 3932 B
684 3869 710 3932 1.
1205 3871 1271 3935 Ian.
1287 3873 1336 3936 95.

148 4000 202 4057 12.
224 3991 491 4076 (19019059161.)
510 3993 584 4070 Βίος
599 3995 650 4055 καὶ
664 3994 804 4056 πολιτεία
815 3997 874 4057 τοῦ
888 3994 984 4058 ὁσίου
1007 3995 1265 4074 Ξενοφῶντος
1287 3998 1337 4058 καὶ

104 4112 169 4171 τιῦν
183 4111 305 4173 τέκνων
318 4108 428 4172 αὐτοῦ.
443 4107 527 4171 =B.
1207 4112 1273 4176 lan.
1286 4113 1335 4177 96.

148 4239 202 4296 13.
225 4231 303 4313 (Fol.
318 4231 512 4312 216v-226v.)
532 4231 719 4309 Ὑπόμνημα
744 4233 788 4310 εἰς
809 4235 866 4310 τήν
886 4232 1081 4312 ἀνακομιδὴν
1101 4239 1160 4298 τοῦ
1177 4237 1210 4298 ἐν
1234 4238 1337 4314 ἁγίοις

104 4349 226 4425 πατρὸς
252 4348 343 4424 ἡμῶν
376 4347 552 4412 Ἰωάννου
587 4343 838 4426 όρχιεπισκόπου
870 4350 1242 4429 Κωνσταντινουπόλεως
1277 4357 1336 4416 τοῦ

105 4463 355 4540 Χρυσσστόμου.
1207 4468 1273 4532 lan.
1289 4469 1338 4532 97.

269 4577 417 4632 Ιαο.Ἠκεν
426 4581 492 4645 ἡμῖν
503 4582 520 4646 ἡ
533 4582 646 4647 λαμπρὰ
658 4581 701 4634 καί
714 4583 894 4647 χαρμόσυνος
907 4581 952 4635 καί
963 4585 1126 4650 ποθουμένη
1138 4585 1294 4650 πανήγυρις
1306 4614 1338 4623 -

237 4677 298 4731 Des.
319 4677 364 4730 καί
376 4680 499 4742 διδαχαῖς
512 4679 620 4734 καὶτοῦ
643 4682 825 4746 σωσικόσμου
838 4683 945 4736 τούτου
967 4684 1012 4736 καί
1030 4684 1267 4748 συμπαθεστότου
1279 4701 1338 4738 ποι-

239 4776 348 4840 μένος...
360 4777 441 4843 ἁμήν.
