3284 5536
200 337 274 410 210
510 359 600 409 πται.
627 358 708 409 m.
734 358 848 409 Ριιιιιο.
866 377 913 388 -
940 358 1019 409 con.
1047 357 1123 409 ιιιι.

240 554 274 610 4.
296 546 374 628 (Fol.
389 546 548 627 206208.)
562 546 630 610 Τοῦ
646 546 746 610 αὐτοῦ
763 547 865 623 ὁμιλία
887 546 941 610 ὅτε
955 552 1001 629 τῷ
1017 547 1152 628 ἀοιὸίμιμ
1178 551 1237 624 τῆς
1264 546 1432 624 εὐσεβείας

201 664 364 744 ἀγωνιστῇ
380 665 429 724 καί
445 664 483 724 τὰ
498 662 631 740 οὐράνια
645 666 870 739 περιπολοῦντι
890 662 1051 740 ἀνάκτορα
1072 663 1279 744 Δημητρίῳ
1302 662 1322 724 ὁ
1347 656 1436 738 οἶκος

201 780 319 855 ἐντοῖς
334 779 505 856 βασιλείοις
520 778 686 856 άνιεριίιθη.
701 809 735 828 =
752 779 857 842 1201!

242 903 275 961 ὅ.
297 894 376 976 (Fol.
391 894 550 975 208226.)
563 895 723 971 Διήγησις
740 899 1006 973 θαυματουργιιῦν
1020 895 1206 970 γεγονότων
1222 895 1302 957 κατὰ
1318 894 1436 971 διαφό-

202 1030 282 1090 ρους
305 1013 436 1086 καιροὺς
458 1012 507 1071 καὶ
522 1010 645 1086 τόπους
660 1012 710 1072 καὶ
724 1011 811 1088 παρὰ
824 1013 883 1074 τοῦ
899 1011 993 1086 ἁγίου
1012 1012 1062 1072 καὶ
1083 1011 1285 1074 πανενὸόξου
1302 1013 1438 1087 μεγαλα·

201 1126 364 1203 μάρτυρος
385 1126 617 1202 Δημητρίου.
635 1156 669 1176 =
687 1125 756 1189 135.

243 1247 276 1306 6.
298 1239 376 1321 (Ροί.
391 1239 566 1318 mm.)
583 1240 732 1304 Ἰωάννου
754 1245 814 1304 τοῦ
829 1241 1010 1317 ἁγιωτάτου
1026 1240 1280 1319 ἀρχιεπισκόπου
1306 1240 1438 1305 Βεσσα-

202 1359 329 1435 λονίκης
345 1358 501 1433 ἐγκώμιον
517 1357 561 1434 είς
576 1359 633 1420 τόν
652 1357 743 1433 άγιον
763 1359 1028 1435 μεγαλομάρτυρα
1048 1358 1271 1435 Δημήτριον
1286 1357 1323 1421 έν
1346 1359 1374 1440 ᾠ
1390 1359 1443 1421 καὶ

201 1477 272 1553 περὶ
288 1474 373 1537 Θεοῦ
390 1476 439 1536 καί
455 1478 547 1536 θεῶν.

366 1589 420 1642 Ine.
439 1590 559 1656 Μνήμην
581 1588 697 1642 δικαίων
721 1589 779 1653 μετ’
804 1589 952 1655 ἐγκωμίων
974 1592 1112 1644 ποιεῖσθαι
1137 1591 1275 1656 Σολομὼν
1302 1594 1443 1657 συνεβού-

334 1692 415 1742 λευεν
432 1717 465 1726 -
485 1689 546 1742 Des.
564 1687 602 1751 είς
622 1693 717 1741 πᾶσαν
737 1689 790 1756 τήν
809 1693 864 1755 γῆν
886 1689 929 1743 καί
949 1691 1105 1755 τὸνλόγον
1125 1695 1178 1743 τοῦ
1200 1691 1373 1757 άθλοφόρου
1396 1692 1444 1744 καί

334 1789 387 1854 τήν
400 1790 485 1841 ὁὸξαν
497 1789 676 1842 ἐπλάτυνεν...
689 1789 770 1854 ἀμήν.

245 1896 277 1952 7.
299 1887 379 1966 (Fol.
391 1888 565 1970 9482531.)
580 1888 646 1951 Τοῦ
663 1888 758 1951 ὁσίου
775 1891 896 1967 πατρὸς
912 1890 1066 1967 ἡμῶνκαὶ
1088 1889 1293 1969 ὁμολογητοῦ
1311 1890 1438 1969 Ἰωσήφ

204 2003 454 2084 ἀρχιεπισκότιου
478 2005 719 2082 Θεσσαλονίκης
739 2006 896 2082 ἐγκώμιον
917 2007 961 2082 εἰς
979 2010 1036 2070 τὸν
1056 2006 1148 2083 ἅγιον
1168 2008 1443 2086 μεγαλομάρτυρα

156 2158 161 2166 ·
203 2123 263 2184 τοῦ
279 2120 417 2197 Χριστοῦ
439 2121 817 2197 ΔημήτριονεΒῙί.

371 2236 435 2288 Fine
448 2236 575 2288 mutilum
588 2256 593 2288 :
643 2237 658 2286 ὁ
671 2237 764 2300 λόγος,
776 2237 800 2288 ὠ
813 2238 998 2301 μεγαλώνυμε
1010 2238 1181 2303 Δημήτριε...

759 2549 890 2623 1518.

238 2697 307 2752 Olim
322 2696 423 2764 Regius
434 2697 509 2750 2451.

237 2797 375 2850 Foliorum
385 2795 577 2860 216,0=,300><
591 2795 694 2858 0⁰39&
707 2795 778 2848 binis
788 2796 931 2858 columnis,
944 2801 1072 2850 exaratus
1085 2813 1156 2850 saec.
1168 2796 1214 2850 xl.

249 2951 278 3006 1.
300 2942 378 3025 (Fol.
393 2943 467 3024 1-8.)
483 2943 630 3020 Ἀθλησις
651 2948 707 3020 τῆς
725 2942 814 3020 ἁγίας
831 2944 1029 3007 πανενὸόξου
1043 2946 1092 3006 καί
1105 2944 1283 3007 καλλινίκου
1297 2949 1435 3020 μεγαλο-

205 3059 368 3136 μάρτυρος
384 3063 442 3121 τοῦ
458 3058 596 3135 Χριστοῦ
620 3059 827 3136 Βαρβάρας.
842 3095 874 3114 =
888 3058 915 3121 B
929 3058 958 3122 Β.
1320 3059 1396 3124 Dec.
1409 3061 1440 3124 4.

248 3181 280 3238 2.
305 3174 383 3256 (Fol.
398 3174 497 3254 8-78.)
513 3174 586 3250 Βίος
602 3175 651 3236 καὶ
671 3175 812 3237 πολιτεία
825 3177 885 3237 τοῦ
901 3173 996 3237 ὁσίου
1013 3176 1134 3252 πατρὸς
1156 3175 1247 3252 ήμιῦν
1269 3176 1381 3254 Σάβα.
1405 3208 1438 3229 =

209 3291 326 3354 119510.
1324 3291 1399 3356 Dee.
1412 3293 1441 3355 5.

249 3414 281 3470 3.
304 3404 382 3488 (Fol.
405 3405 522 3486 78-97.)
544 3406 618 3482 Βίος
644 3407 692 3467 καὶ
712 3405 853 3467 πολιτεία
873 3407 921 3468 καὶ
944 3407 1051 3483 μερική
1079 3406 1225 3487 ὁιήγησις
1251 3410 1311 3471 τοῦ
1338 3406 1435 3472 ὁσίου

208 3523 329 3600 πατρὸς
341 3522 430 3599 ἡμιῦν
446 3521 633 3584 Νικολάου
657 3521 835 3584 ἐπισκόπου
848 3521 971 3599 Μύρων
982 3527 1039 3600 τῆς
1050 3521 1174 3600 Λυκίας.
1186 3550 1219 3571 =
1230 3522 1257 3586 B
1267 3522 1298 3586 4.
1321 3523 1398 3588 Dec.
1410 3524 1440 3587 6.

248 3645 281 3701 4.
304 3637 383 3720 (Fol.
398 3637 552 3718 97-107v.)
569 3637 642 3713 Βίας
658 3639 706 3699 καί
718 3638 857 3700 πολιτεία
868 3641 926 3701 τοῦ
939 3637 1035 3701 ὁσίου
1048 3639 1170 3716 πατρὸς
1182 3639 1272 3717 ἡμῶν
1287 3638 1441 3717 Ἀμβρο·

210 3757 298 3818 σίου
318 3754 496 3816 ἐπισκόπου
513 3752 729 3816 Μεὸιολόινων.
746 3778 778 3798 =
794 3754 820 3816 B
835 3754 885 3818 Qa.
1320 3756 1397 3820 Dec.
1413 3757 1441 3820 7.

251 3879 283 3935 ὅ.
306 3870 384 3953 (Fol.
402 3869 575 3952 lov-112.)
588 3871 661 3945 Βίας
677 3872 725 3932 καί
736 3872 877 3934 πολιτεία
891 3873 950 3934 τοῦ
966 3870 1062 3933 ὁσίου
1077 3873 1201 3950 πατρὸς
1216 3872 1307 3950 ἡμῶν
1322 3872 1443 3937 Πατα·

211 3986 397 4050 πίου.;Β
416 3987 442 4050 1.
1322 3989 1400 4055 Dec.
1415 3990 1445 4055 8.

253 4109 285 4168 6.
308 4103 345 4186 (F
346 4103 386 4167 ol.
408 4103 564 4184 112137.)
585 4104 771 4181 Μαρτύριον
790 4109 855 4168 τῶν
877 4106 977 4181 ἁγίων
1000 4107 1172 4184 μαρτύρων
1194 4106 1311 4184 Μηνᾶ,
1328 4106 1442 4186 Ἑρμο·

211 4222 327 4296 γὲνους
343 4222 392 4281 καί
408 4219 595 4298 Εῦγράφου.
614 4246 644 4265 =
658 4220 696 4283 B.
1301 4221 1379 4287 Dec.
1397 4224 1445 4288 10.

253 4343 285 4399 7.
308 4334 387 4411 γίίοί.
399 4335 569 4417 137-1701.)
582 4337 654 4412 Βίος
667 4339 715 4398 καί
727 4339 868 4400 πολιτεία
878 4341 937 4400 τοῦ
951 4336 1047 4400 ὁσίου
1059 4339 1181 4415 πατρὸς
1193 4338 1283 4416 ἡμῶν
1298 4339 1446 4418 Δανιὴλ

211 4453 270 4514 τοῦ
286 4450 447 4513 στυλίτου.
463 4470 496 4490 =
510 4449 546 4514 B.
1307 4453 1384 4520 Dec.
1398 4457 1447 4521 11.

253 4572 286 4631 8.
308 4565 387 4648 (Fol.
405 4565 561 4649 171-195.)
577 4566 650 4644 Βίας
666 4569 714 4630 καὶ
728 4568 868 4631 πολιτεία
880 4572 938 4630 τοῦ
954 4568 1049 4632 ὁσίου
1062 4569 1185 4647 πατρὸς
1196 4569 1287 4648 ήμῶν
1303 4575 1354 4634 καί
1367 4575 1444 4635 θαυ-

212 4684 399 4759 ματουργοῦ
421 4682 665 4761 Σπυρίὸωνος
687 4683 864 4747 ἐπισκόπου
881 4684 1130 4763 Τριμηθοῦντος.
1143 4712 1174 4735 =
1189 4684 1255 4749 132.
1299 4685 1376 4752 Dec.
1391 4688 1442 4752 12.
