<?xml version="1.0" encoding="UTF-8"?>
<!DOCTYPE html PUBLIC "-//W3C//DTD XHTML 1.0 Transitional//EN"
    "http://www.w3.org/TR/xhtml1/DTD/xhtml1-transitional.dtd">
<html xmlns="http://www.w3.org/1999/xhtml" xml:lang="en" lang="en">
 <head>
  <title>
</title>
<meta http-equiv="Content-Type" content="text/html;charset=utf-8" />
  <meta name='ocr-system' content='tesseract 3.04.00' />
  <meta name='ocr-capabilities' content='ocr_page ocr_carea ocr_par ocr_line ocrx_word'/>
</head>
<body>
  <div class='ocr_page' id='page_1' title='image "./cataloguscodicu00bollgoog_0086.png"; bbox 0 0 3284 5536; ppageno 0'>
   <div class='ocr_carea' id='block_1_1' title="bbox 517 356 1443 443">
    <p class='ocr_par' dir='ltr' id='par_1_1' title="bbox 517 356 1443 443">
     <span class='ocr_line' id='line_1_1' title="bbox 517 356 1443 443; baseline -0.006 -9"><span class='ocrx_word' id='word_1_1' title='bbox 517 381 921 443; x_wconf 68' lang='grc' dir='ltr'>Βιυυ.ιν1τ.ιίιιιο.,-</span> <span class='ocrx_word' id='word_1_2' title='bbox 949 383 1028 435; x_wconf 89' lang='grc' dir='ltr'>αου.</span> <span class='ocrx_word' id='word_1_3' title='bbox 1058 377 1130 431; x_wconf 81' lang='grc' dir='ltr'>ιιοι.</span> <span class='ocrx_word' id='word_1_4' title='bbox 1395 356 1443 428; x_wconf 84' lang='grc'>69</span> 
     </span>
    </p>
   </div>
   <div class='ocr_carea' id='block_1_2' title="bbox 251 570 1443 658">
    <p class='ocr_par' dir='ltr' id='par_1_2' title="bbox 251 570 1443 658">
     <span class='ocr_line' id='line_1_2' title="bbox 251 570 1443 658; baseline -0.003 -20"><span class='ocrx_word' id='word_1_5' title='bbox 251 581 285 638; x_wconf 91' lang='grc'>1.</span> <span class='ocrx_word' id='word_1_6' title='bbox 307 573 387 658; x_wconf 81' lang='lat' dir='ltr'><strong>(Fol.</strong></span> <span class='ocrx_word' id='word_1_7' title='bbox 409 573 529 658; x_wconf 82' lang='grc'>53-71.)</span> <span class='ocrx_word' id='word_1_8' title='bbox 550 573 750 639; x_wconf 86' lang='grc' dir='ltr'>Διδασκαλία</span> <span class='ocrx_word' id='word_1_9' title='bbox 770 574 804 638; x_wconf 87' lang='grc' dir='ltr'>ἐκ</span> <span class='ocrx_word' id='word_1_10' title='bbox 825 576 884 641; x_wconf 89' lang='grc' dir='ltr'>τοῦ</span> <span class='ocrx_word' id='word_1_11' title='bbox 906 573 977 653; x_wconf 87' lang='grc' dir='ltr'>βίου</span> <span class='ocrx_word' id='word_1_12' title='bbox 1001 576 1060 638; x_wconf 91' lang='grc' dir='ltr'>τοῦ</span> <span class='ocrx_word' id='word_1_13' title='bbox 1083 570 1179 637; x_wconf 81' lang='grc' dir='ltr'>ὁσίου</span> <span class='ocrx_word' id='word_1_14' title='bbox 1202 570 1326 650; x_wconf 91' lang='grc' dir='ltr'>πατρὸς</span> <span class='ocrx_word' id='word_1_15' title='bbox 1351 570 1443 648; x_wconf 87' lang='grc' dir='ltr'>ἡμῶν</span> 
     </span>
    </p>
   </div>
   <div class='ocr_carea' id='block_1_3' title="bbox 202 677 1442 769">
    <p class='ocr_par' dir='ltr' id='par_1_3' title="bbox 202 677 1442 769">
     <span class='ocr_line' id='line_1_3' title="bbox 202 677 1442 769; baseline -0.003 -16"><span class='ocrx_word' id='word_1_16' title='bbox 202 689 386 754; x_wconf 85' lang='grc' dir='ltr'>Ἰωάννου</span> <span class='ocrx_word' id='word_1_17' title='bbox 408 693 467 755; x_wconf 88' lang='grc' dir='ltr'>τοῦ</span> <span class='ocrx_word' id='word_1_18' title='bbox 480 682 712 769; x_wconf 87' lang='grc' dir='ltr'>Δαμασκηνοῦ.</span> <span class='ocrx_word' id='word_1_19' title='bbox 1299 677 1303 684; x_wconf 74' lang='grc'><strong>’</strong></span> <span class='ocrx_word' id='word_1_20' title='bbox 1321 685 1397 750; x_wconf 85' lang='lat' dir='ltr'>Dec.</span> <span class='ocrx_word' id='word_1_21' title='bbox 1411 685 1442 749; x_wconf 78' lang='lat'>4.</span> 
     </span>
    </p>
   </div>
   <div class='ocr_carea' id='block_1_4' title="bbox 341 800 1444 972">
    <p class='ocr_par' dir='ltr' id='par_1_4' title="bbox 341 800 1444 972">
     <span class='ocr_line' id='line_1_4' title="bbox 372 800 1444 874; baseline -0.005 -14"><span class='ocrx_word' id='word_1_22' title='bbox 372 807 428 860; x_wconf 81' lang='lat' dir='ltr'><strong>Ino.</strong></span> <span class='ocrx_word' id='word_1_23' title='bbox 447 805 556 874; x_wconf 82' lang='grc' dir='ltr'>Ἐπειδὴ</span> <span class='ocrx_word' id='word_1_24' title='bbox 575 806 666 873; x_wconf 78' lang='grc' dir='ltr'>χάριτι</span> <span class='ocrx_word' id='word_1_25' title='bbox 684 810 738 859; x_wconf 84' lang='grc' dir='ltr'>τοῦ</span> <span class='ocrx_word' id='word_1_26' title='bbox 757 805 927 872; x_wconf 88' lang='grc' dir='ltr'>παναγάθου</span> <span class='ocrx_word' id='word_1_27' title='bbox 947 805 1030 869; x_wconf 85' lang='grc' dir='ltr'>Θεοῦ,</span> <span class='ocrx_word' id='word_1_28' title='bbox 1043 802 1164 870; x_wconf 82' lang='grc' dir='ltr'>ἀδελφοί</span> <span class='ocrx_word' id='word_1_29' title='bbox 1184 800 1370 870; x_wconf 83' lang='grc' dir='ltr'>ἁγαπητοί-</span> <span class='ocrx_word' id='word_1_30' title='bbox 1382 801 1444 855; x_wconf 74' lang='lat' dir='ltr'><strong>Des,</strong></span> 
     </span>
     <span class='ocr_line' id='line_1_5' title="bbox 341 901 1444 972; baseline -0.005 -13"><span class='ocrx_word' id='word_1_31' title='bbox 341 905 387 959; x_wconf 84' lang='grc' dir='ltr'>καὶ</span> <span class='ocrx_word' id='word_1_32' title='bbox 403 906 539 972; x_wconf 84' lang='grc' dir='ltr'>δεύτερον</span> <span class='ocrx_word' id='word_1_33' title='bbox 551 904 649 972; x_wconf 82' lang='grc' dir='ltr'>είναιὴ</span> <span class='ocrx_word' id='word_1_34' title='bbox 669 906 758 972; x_wconf 86' lang='grc' dir='ltr'>Ζωὴὴ</span> <span class='ocrx_word' id='word_1_35' title='bbox 779 904 892 969; x_wconf 82' lang='grc' dir='ltr'>όιὰινιος</span> <span class='ocrx_word' id='word_1_36' title='bbox 909 903 948 968; x_wconf 87' lang='grc' dir='ltr'>εἰς</span> <span class='ocrx_word' id='word_1_37' title='bbox 968 904 1021 970; x_wconf 88' lang='grc' dir='ltr'>τήν</span> <span class='ocrx_word' id='word_1_38' title='bbox 1043 903 1185 969; x_wconf 84' lang='grc' dir='ltr'>βασιλείαν</span> <span class='ocrx_word' id='word_1_39' title='bbox 1206 907 1266 956; x_wconf 86' lang='grc' dir='ltr'>τιῦν</span> <span class='ocrx_word' id='word_1_40' title='bbox 1287 901 1444 968; x_wconf 80' lang='grc' dir='ltr'>οὐρανῶν...</span> 
     </span>
    </p>
   </div>
   <div class='ocr_carea' id='block_1_5' title="bbox 201 1006 1444 1302">
    <p class='ocr_par' dir='ltr' id='par_1_5' title="bbox 201 1006 1444 1302">
     <span class='ocr_line' id='line_1_6' title="bbox 339 1006 421 1071; baseline 0 -13"><span class='ocrx_word' id='word_1_41' title='bbox 339 1006 421 1071; x_wconf 85' lang='grc' dir='ltr'>ἀμήν.</span> 
     </span>
     <span class='ocr_line' id='line_1_7' title="bbox 249 1115 1444 1205; baseline -0.003 -19"><span class='ocrx_word' id='word_1_42' title='bbox 249 1127 283 1186; x_wconf 79' lang='lat'>2.</span> <span class='ocrx_word' id='word_1_43' title='bbox 307 1121 345 1205; x_wconf 84' lang='lat' dir='ltr'>(F</span> <span class='ocrx_word' id='word_1_44' title='bbox 345 1120 387 1186; x_wconf 86' lang='lat' dir='ltr'>ol.</span> <span class='ocrx_word' id='word_1_45' title='bbox 406 1120 547 1202; x_wconf 79' lang='grc'>99-104.)</span> <span class='ocrx_word' id='word_1_46' title='bbox 566 1120 646 1198; x_wconf 88' lang='grc' dir='ltr'>Περὶ</span> <span class='ocrx_word' id='word_1_47' title='bbox 667 1123 726 1184; x_wconf 92' lang='grc' dir='ltr'>τοῦ</span> <span class='ocrx_word' id='word_1_48' title='bbox 750 1120 933 1192; x_wconf 86' lang='grc' dir='ltr'>Θεοπίστου</span> <span class='ocrx_word' id='word_1_49' title='bbox 949 1118 1061 1198; x_wconf 85' lang='grc' dir='ltr'>ἕτερον</span> <span class='ocrx_word' id='word_1_50' title='bbox 1076 1120 1190 1196; x_wconf 92' lang='grc' dir='ltr'>θαῦμα.</span> <span class='ocrx_word' id='word_1_51' title='bbox 1211 1136 1244 1157; x_wconf 89' lang='lat'>=</span> <span class='ocrx_word' id='word_1_52' title='bbox 1261 1115 1444 1200; x_wconf 81' lang='lat' dir='ltr'><strong>(Georgius)</strong></span> 
     </span>
     <span class='ocr_line' id='line_1_8' title="bbox 201 1237 297 1302; baseline -0.01 0"><span class='ocrx_word' id='word_1_53' title='bbox 201 1237 231 1302; x_wconf 92' lang='lat' dir='ltr'>B</span> <span class='ocrx_word' id='word_1_54' title='bbox 248 1237 297 1301; x_wconf 84' lang='lat'>13.</span> 
     </span>
    </p>
   </div>
   <div class='ocr_carea' id='block_1_6' title="bbox 373 1335 569 1391">
    <p class='ocr_par' dir='ltr' id='par_1_6' title="bbox 373 1335 569 1391">
     <span class='ocr_line' id='line_1_9' title="bbox 373 1335 569 1391; baseline -0.005 -1"><span class='ocrx_word' id='word_1_55' title='bbox 373 1335 443 1391; x_wconf 80' lang='lat' dir='ltr'>Stilo</span> <span class='ocrx_word' id='word_1_56' title='bbox 453 1335 569 1390; x_wconf 84' lang='lat' dir='ltr'>diverso.</span> 
     </span>
    </p>
   </div>
   <div class='ocr_carea' id='block_1_7' title="bbox 201 1449 1445 1849">
    <p class='ocr_par' dir='ltr' id='par_1_7' title="bbox 201 1449 1445 1648">
     <span class='ocr_line' id='line_1_10' title="bbox 245 1449 1445 1535; baseline -0.006 -17"><span class='ocrx_word' id='word_1_57' title='bbox 245 1460 280 1518; x_wconf 86' lang='grc'>3.</span> <span class='ocrx_word' id='word_1_58' title='bbox 303 1450 746 1535; x_wconf 71' lang='grc' dir='ltr'>(Γοί.104’-108.)Ὀπτασία</span> <span class='ocrx_word' id='word_1_59' title='bbox 769 1453 818 1514; x_wconf 83' lang='grc' dir='ltr'>καί</span> <span class='ocrx_word' id='word_1_60' title='bbox 843 1455 948 1529; x_wconf 90' lang='grc' dir='ltr'>θαῦμα</span> <span class='ocrx_word' id='word_1_61' title='bbox 962 1454 1021 1515; x_wconf 90' lang='grc' dir='ltr'>τοῦ</span> <span class='ocrx_word' id='word_1_62' title='bbox 1043 1450 1136 1526; x_wconf 86' lang='grc' dir='ltr'>ἁγίου</span> <span class='ocrx_word' id='word_1_63' title='bbox 1160 1450 1209 1512; x_wconf 83' lang='grc' dir='ltr'>καὶ</span> <span class='ocrx_word' id='word_1_64' title='bbox 1236 1449 1371 1514; x_wconf 83' lang='grc' dir='ltr'>ἐνδόξου</span> <span class='ocrx_word' id='word_1_65' title='bbox 1395 1449 1445 1512; x_wconf 86' lang='grc' dir='ltr'>καὶ</span> 
     </span>
     <span class='ocr_line' id='line_1_11' title="bbox 201 1567 714 1648; baseline -0.004 -16"><span class='ocrx_word' id='word_1_66' title='bbox 201 1567 491 1648; x_wconf 85' lang='grc' dir='ltr'>μεγαλομάρτυρος</span> <span class='ocrx_word' id='word_1_67' title='bbox 513 1568 714 1646; x_wconf 86' lang='grc' dir='ltr'>Γεωργίου.</span> 
     </span>
    </p>

    <p class='ocr_par' dir='ltr' id='par_1_8' title="bbox 374 1679 1445 1749">
     <span class='ocr_line' id='line_1_12' title="bbox 374 1679 1445 1749; baseline -0.003 -13"><span class='ocrx_word' id='word_1_68' title='bbox 374 1683 430 1736; x_wconf 87' lang='lat' dir='ltr'><strong>Inc.</strong></span> <span class='ocrx_word' id='word_1_69' title='bbox 444 1682 545 1749; x_wconf 87' lang='grc' dir='ltr'>Ἄρατε</span> <span class='ocrx_word' id='word_1_70' title='bbox 563 1683 631 1746; x_wconf 89' lang='grc' dir='ltr'>τοὺς</span> <span class='ocrx_word' id='word_1_71' title='bbox 644 1682 812 1749; x_wconf 82' lang='grc' dir='ltr'>ὀφθαλμοὺς</span> <span class='ocrx_word' id='word_1_72' title='bbox 823 1686 874 1748; x_wconf 85' lang='grc' dir='ltr'>τῆς</span> <span class='ocrx_word' id='word_1_73' title='bbox 888 1680 1012 1745; x_wconf 79' lang='grc' dir='ltr'>διανοίας</span> <span class='ocrx_word' id='word_1_74' title='bbox 1025 1684 1113 1747; x_wconf 84' lang='grc' dir='ltr'>ἁμῶν,</span> <span class='ocrx_word' id='word_1_75' title='bbox 1126 1680 1247 1747; x_wconf 88' lang='grc' dir='ltr'>ἀδελφοί</span> <span class='ocrx_word' id='word_1_76' title='bbox 1263 1709 1296 1719; x_wconf 97' lang='grc'><strong>-</strong></span> <span class='ocrx_word' id='word_1_77' title='bbox 1316 1679 1377 1734; x_wconf 80' lang='lat' dir='ltr'>Des.</span> <span class='ocrx_word' id='word_1_78' title='bbox 1390 1680 1445 1734; x_wconf 91' lang='grc' dir='ltr'>ἐπι-</span> 
     </span>
    </p>

    <p class='ocr_par' dir='ltr' id='par_1_9' title="bbox 343 1779 1445 1849">
     <span class='ocr_line' id='line_1_13' title="bbox 343 1779 1445 1849; baseline -0.003 -14"><span class='ocrx_word' id='word_1_79' title='bbox 343 1783 451 1849; x_wconf 76' lang='grc' dir='ltr'>δρομῆς</span> <span class='ocrx_word' id='word_1_80' title='bbox 464 1783 635 1849; x_wconf 77' lang='grc' dir='ltr'>ἀλλοφύλων</span> <span class='ocrx_word' id='word_1_81' title='bbox 647 1781 693 1836; x_wconf 85' lang='grc' dir='ltr'>καί</span> <span class='ocrx_word' id='word_1_82' title='bbox 705 1780 842 1848; x_wconf 88' lang='grc' dir='ltr'>ἐκφυλίου</span> <span class='ocrx_word' id='word_1_83' title='bbox 858 1781 983 1846; x_wconf 80' lang='grc' dir='ltr'>πολέμου</span> <span class='ocrx_word' id='word_1_84' title='bbox 996 1780 1041 1835; x_wconf 84' lang='grc' dir='ltr'>καί</span> <span class='ocrx_word' id='word_1_85' title='bbox 1053 1781 1108 1834; x_wconf 83' lang='grc' dir='ltr'>ἀπὸ</span> <span class='ocrx_word' id='word_1_86' title='bbox 1121 1784 1173 1833; x_wconf 87' lang='grc' dir='ltr'>τοῦ</span> <span class='ocrx_word' id='word_1_87' title='bbox 1185 1784 1314 1846; x_wconf 86' lang='grc' dir='ltr'>πονηροῦ</span> <span class='ocrx_word' id='word_1_88' title='bbox 1327 1779 1445 1845; x_wconf 86' lang='grc' dir='ltr'>δράκον-</span> 
     </span>
    </p>
   </div>
   <div class='ocr_carea' id='block_1_8' title="bbox 200 1881 1444 2396">
    <p class='ocr_par' dir='ltr' id='par_1_10' title="bbox 200 1881 1444 2396">
     <span class='ocr_line' id='line_1_14' title="bbox 341 1881 511 1947; baseline 0.006 -14"><span class='ocrx_word' id='word_1_89' title='bbox 341 1895 417 1944; x_wconf 84' lang='grc' dir='ltr'>τος...</span> <span class='ocrx_word' id='word_1_90' title='bbox 428 1881 511 1947; x_wconf 84' lang='grc' dir='ltr'>ἁμήν.</span> 
     </span>
     <span class='ocr_line' id='line_1_15' title="bbox 243 1994 1443 2080; baseline -0.003 -20"><span class='ocrx_word' id='word_1_91' title='bbox 243 2004 280 2060; x_wconf 73' lang='grc'>«1</span> <span class='ocrx_word' id='word_1_92' title='bbox 304 1996 385 2078; x_wconf 78' lang='lat' dir='ltr'><strong>(Fol.</strong></span> <span class='ocrx_word' id='word_1_93' title='bbox 401 1997 560 2080; x_wconf 68' lang='lat'>108-112.)</span> <span class='ocrx_word' id='word_1_94' title='bbox 583 1997 697 2076; x_wconf 88' lang='grc' dir='ltr'>Θαῦμα</span> <span class='ocrx_word' id='word_1_95' title='bbox 711 1996 885 2076; x_wconf 88' lang='grc' dir='ltr'>γενόμενον</span> <span class='ocrx_word' id='word_1_96' title='bbox 900 1996 963 2060; x_wconf 90' lang='grc' dir='ltr'>ῦπὸ</span> <span class='ocrx_word' id='word_1_97' title='bbox 982 1999 1041 2061; x_wconf 90' lang='grc' dir='ltr'>τοῦ</span> <span class='ocrx_word' id='word_1_98' title='bbox 1057 1994 1150 2074; x_wconf 88' lang='grc' dir='ltr'>ἁγίου</span> <span class='ocrx_word' id='word_1_99' title='bbox 1167 1996 1216 2059; x_wconf 86' lang='grc' dir='ltr'>καί</span> <span class='ocrx_word' id='word_1_100' title='bbox 1241 1994 1376 2060; x_wconf 83' lang='grc' dir='ltr'>ἐνδόξου</span> <span class='ocrx_word' id='word_1_101' title='bbox 1394 1994 1443 2057; x_wconf 88' lang='grc' dir='ltr'>καὶ</span> 
     </span>
     <span class='ocr_line' id='line_1_16' title="bbox 200 2113 714 2193; baseline -0.004 -15"><span class='ocrx_word' id='word_1_102' title='bbox 200 2113 493 2193; x_wconf 89' lang='grc' dir='ltr'>μεγαλομὰρτυρος</span> <span class='ocrx_word' id='word_1_103' title='bbox 516 2113 714 2192; x_wconf 87' lang='grc' dir='ltr'>Γεωργίου.</span> 
     </span>
     <span class='ocr_line' id='line_1_17' title="bbox 372 2226 1444 2298; baseline -0.005 -14"><span class='ocrx_word' id='word_1_104' title='bbox 372 2231 427 2284; x_wconf 78' lang='lat' dir='ltr'><strong>Ine.</strong></span> <span class='ocrx_word' id='word_1_105' title='bbox 440 2231 542 2297; x_wconf 87' lang='grc' dir='ltr'>θαῦμα</span> <span class='ocrx_word' id='word_1_106' title='bbox 553 2231 681 2298; x_wconf 87' lang='grc' dir='ltr'>φοβερόν</span> <span class='ocrx_word' id='word_1_107' title='bbox 692 2228 738 2284; x_wconf 83' lang='grc' dir='ltr'>καί</span> <span class='ocrx_word' id='word_1_108' title='bbox 749 2230 911 2297; x_wconf 87' lang='grc' dir='ltr'>παράδοξον</span> <span class='ocrx_word' id='word_1_109' title='bbox 924 2229 1073 2291; x_wconf 84' lang='grc' dir='ltr'>ἁκοῦσατε,</span> <span class='ocrx_word' id='word_1_110' title='bbox 1086 2226 1243 2293; x_wconf 87' lang='grc' dir='ltr'>ἁδελφοί-</span> <span class='ocrx_word' id='word_1_111' title='bbox 1253 2226 1314 2281; x_wconf 75' lang='lat' dir='ltr'><strong>Des.</strong></span> <span class='ocrx_word' id='word_1_112' title='bbox 1326 2227 1444 2294; x_wconf 86' lang='grc' dir='ltr'>ἔρριψεν</span> 
     </span>
     <span class='ocr_line' id='line_1_18' title="bbox 340 2328 1045 2396; baseline -0.004 -13"><span class='ocrx_word' id='word_1_113' title='bbox 340 2330 430 2383; x_wconf 83' lang='grc' dir='ltr'>αὐτόν</span> <span class='ocrx_word' id='word_1_114' title='bbox 441 2330 471 2383; x_wconf 94' lang='grc' dir='ltr'>ἐν</span> <span class='ocrx_word' id='word_1_115' title='bbox 484 2335 527 2396; x_wconf 84' lang='grc' dir='ltr'>τῷ</span> <span class='ocrx_word' id='word_1_116' title='bbox 539 2331 659 2396; x_wconf 78' lang='grc' dir='ltr'>χάσματι</span> <span class='ocrx_word' id='word_1_117' title='bbox 672 2330 759 2394; x_wconf 85' lang='grc' dir='ltr'>μέσον</span> <span class='ocrx_word' id='word_1_118' title='bbox 770 2333 823 2384; x_wconf 87' lang='grc' dir='ltr'>τοῦ</span> <span class='ocrx_word' id='word_1_119' title='bbox 835 2329 950 2394; x_wconf 89' lang='grc' dir='ltr'>πυρός...</span> <span class='ocrx_word' id='word_1_120' title='bbox 964 2328 1045 2394; x_wconf 88' lang='grc' dir='ltr'>ἀμήν.</span> 
     </span>
    </p>
   </div>
   <div class='ocr_carea' id='block_1_9' title="bbox 199 2441 1445 2874">
    <p class='ocr_par' dir='ltr' id='par_1_11' title="bbox 199 2441 1445 2874">
     <span class='ocr_line' id='line_1_19' title="bbox 246 2441 1444 2528; baseline -0.005 -19"><span class='ocrx_word' id='word_1_121' title='bbox 246 2453 281 2510; x_wconf 84' lang='grc'>5.</span> <span class='ocrx_word' id='word_1_122' title='bbox 304 2445 385 2528; x_wconf 83' lang='lat' dir='ltr'><strong>(Fol.</strong></span> <span class='ocrx_word' id='word_1_123' title='bbox 412 2445 582 2528; x_wconf 48' lang='grc' dir='ltr'>ὥθ’-191.)</span> <span class='ocrx_word' id='word_1_124' title='bbox 604 2445 777 2523; x_wconf 86' lang='grc' dir='ltr'>Νεκταρίου</span> <span class='ocrx_word' id='word_1_125' title='bbox 798 2443 1048 2522; x_wconf 88' lang='grc' dir='ltr'>ἁρχιεπισκόπου</span> <span class='ocrx_word' id='word_1_126' title='bbox 1072 2441 1444 2517; x_wconf 90' lang='grc' dir='ltr'>Κωνσταντινουπόλεως</span> 
     </span>
     <span class='ocr_line' id='line_1_20' title="bbox 199 2557 1445 2645; baseline -0.004 -20"><span class='ocrx_word' id='word_1_127' title='bbox 199 2559 245 2625; x_wconf 80' lang='grc' dir='ltr'>δι’</span> <span class='ocrx_word' id='word_1_128' title='bbox 261 2564 303 2640; x_wconf 87' lang='grc' dir='ltr'>’ἠν</span> <span class='ocrx_word' id='word_1_129' title='bbox 317 2562 419 2626; x_wconf 81' lang='grc' dir='ltr'>αἰτίαν</span> <span class='ocrx_word' id='word_1_130' title='bbox 435 2567 482 2645; x_wconf 84' lang='grc' dir='ltr'>τῷ</span> <span class='ocrx_word' id='word_1_131' title='bbox 499 2562 618 2644; x_wconf 85' lang='grc' dir='ltr'>πρώτῳ</span> <span class='ocrx_word' id='word_1_132' title='bbox 635 2560 787 2644; x_wconf 86' lang='grc' dir='ltr'>σαββάτῳ</span> <span class='ocrx_word' id='word_1_133' title='bbox 806 2564 872 2625; x_wconf 86' lang='grc' dir='ltr'>τῶν</span> <span class='ocrx_word' id='word_1_134' title='bbox 888 2558 988 2636; x_wconf 85' lang='grc' dir='ltr'>ἁγίων</span> <span class='ocrx_word' id='word_1_135' title='bbox 1009 2562 1166 2637; x_wconf 89' lang='grc' dir='ltr'>νηστειῶν</span> <span class='ocrx_word' id='word_1_136' title='bbox 1182 2557 1373 2636; x_wconf 85' lang='grc' dir='ltr'>ἑορτάζομεν</span> <span class='ocrx_word' id='word_1_137' title='bbox 1387 2557 1445 2633; x_wconf 85' lang='grc' dir='ltr'>τὴν</span> 
     </span>
     <span class='ocr_line' id='line_1_21' title="bbox 200 2673 1444 2758; baseline -0.006 -15"><span class='ocrx_word' id='word_1_138' title='bbox 200 2680 333 2757; x_wconf 89' lang='grc' dir='ltr'>μνήμην</span> <span class='ocrx_word' id='word_1_139' title='bbox 348 2676 409 2743; x_wconf 85' lang='grc' dir='ltr'>τοῦ</span> <span class='ocrx_word' id='word_1_140' title='bbox 425 2680 520 2755; x_wconf 90' lang='grc' dir='ltr'>ἁγίου</span> <span class='ocrx_word' id='word_1_141' title='bbox 544 2678 828 2758; x_wconf 89' lang='grc' dir='ltr'>μεγαλομὰρτυρος</span> <span class='ocrx_word' id='word_1_142' title='bbox 851 2676 1057 2754; x_wconf 87' lang='grc' dir='ltr'>Θεοδώρου</span> <span class='ocrx_word' id='word_1_143' title='bbox 1080 2676 1129 2739; x_wconf 84' lang='grc' dir='ltr'>καί</span> <span class='ocrx_word' id='word_1_144' title='bbox 1147 2675 1218 2753; x_wconf 88' lang='grc' dir='ltr'>περὶ</span> <span class='ocrx_word' id='word_1_145' title='bbox 1232 2673 1380 2752; x_wconf 83' lang='grc' dir='ltr'>νηστείας</span> <span class='ocrx_word' id='word_1_146' title='bbox 1395 2673 1444 2735; x_wconf 89' lang='grc' dir='ltr'>καὶ</span> 
     </span>
     <span class='ocr_line' id='line_1_22' title="bbox 202 2796 570 2874; baseline 0 -14"><span class='ocrx_word' id='word_1_147' title='bbox 202 2797 436 2874; x_wconf 88' lang='grc' dir='ltr'>ἐλεημοσύνης.</span> <span class='ocrx_word' id='word_1_148' title='bbox 451 2822 484 2842; x_wconf 92' lang='lat'><strong><em>=</em></strong></span> <span class='ocrx_word' id='word_1_149' title='bbox 500 2796 526 2860; x_wconf 94' lang='lat' dir='ltr'><strong>B</strong></span> <span class='ocrx_word' id='word_1_150' title='bbox 541 2797 570 2860; x_wconf 85' lang='lat'>3.</span> 
     </span>
    </p>
   </div>
   <div class='ocr_carea' id='block_1_10' title="bbox 205 2940 1443 3256">
    <p class='ocr_par' dir='ltr' id='par_1_12' title="bbox 205 2940 1443 3256">
     <span class='ocr_line' id='line_1_23' title="bbox 248 2940 1443 3029; baseline -0.005 -19"><span class='ocrx_word' id='word_1_151' title='bbox 248 2951 282 3010; x_wconf 81' lang='lat'>6.</span> <span class='ocrx_word' id='word_1_152' title='bbox 305 2944 385 3028; x_wconf 61' lang='lat'><em>(1³01.</em></span> <span class='ocrx_word' id='word_1_153' title='bbox 402 2945 560 3029; x_wconf 81' lang='lat'><strong>191-196.)</strong></span> <span class='ocrx_word' id='word_1_154' title='bbox 573 2945 641 3010; x_wconf 85' lang='grc' dir='ltr'>Τοῦ</span> <span class='ocrx_word' id='word_1_155' title='bbox 664 2945 698 3009; x_wconf 88' lang='grc' dir='ltr'>ἐν</span> <span class='ocrx_word' id='word_1_156' title='bbox 720 2946 823 3022; x_wconf 88' lang='grc' dir='ltr'>ἁγίοις</span> <span class='ocrx_word' id='word_1_157' title='bbox 843 2944 965 3022; x_wconf 91' lang='grc' dir='ltr'>πατρὸς</span> <span class='ocrx_word' id='word_1_158' title='bbox 984 2943 1075 3022; x_wconf 88' lang='grc' dir='ltr'>ἡμῶν</span> <span class='ocrx_word' id='word_1_159' title='bbox 1097 2941 1284 3006; x_wconf 87' lang='grc' dir='ltr'>Ἀθανασίου</span> <span class='ocrx_word' id='word_1_160' title='bbox 1306 2940 1443 3018; x_wconf 87' lang='grc' dir='ltr'>ἁρχιεπι-</span> 
     </span>
     <span class='ocr_line' id='line_1_24' title="bbox 205 3058 1439 3141; baseline -0.004 -17"><span class='ocrx_word' id='word_1_161' title='bbox 205 3061 338 3124; x_wconf 86' lang='grc' dir='ltr'>σκότου</span> <span class='ocrx_word' id='word_1_162' title='bbox 360 3059 589 3139; x_wconf 77' lang='grc' dir='ltr'>Ἀλεξανδρείας</span> <span class='ocrx_word' id='word_1_163' title='bbox 614 3062 685 3141; x_wconf 88' lang='grc' dir='ltr'>περὶ</span> <span class='ocrx_word' id='word_1_164' title='bbox 710 3064 769 3124; x_wconf 93' lang='grc' dir='ltr'>τοῦ</span> <span class='ocrx_word' id='word_1_165' title='bbox 794 3059 970 3138; x_wconf 77' lang='grc' dir='ltr'>γενομένου</span> <span class='ocrx_word' id='word_1_166' title='bbox 993 3059 1156 3136; x_wconf 90' lang='grc' dir='ltr'>θαύματος</span> <span class='ocrx_word' id='word_1_167' title='bbox 1177 3058 1212 3121; x_wconf 93' lang='grc' dir='ltr'>ἐν</span> <span class='ocrx_word' id='word_1_168' title='bbox 1245 3058 1379 3139; x_wconf 85' lang='grc' dir='ltr'>Βηρυτῷ</span> <span class='ocrx_word' id='word_1_169' title='bbox 1401 3061 1439 3138; x_wconf 82' lang='grc' dir='ltr'>τῇ</span> 
     </span>
     <span class='ocr_line' id='line_1_25' title="bbox 206 3172 1372 3256; baseline -0.003 -16"><span class='ocrx_word' id='word_1_170' title='bbox 206 3176 298 3241; x_wconf 83' lang='grc' dir='ltr'>πόλει</span> <span class='ocrx_word' id='word_1_171' title='bbox 314 3177 378 3240; x_wconf 90' lang='grc' dir='ltr'>ῦπὸ</span> <span class='ocrx_word' id='word_1_172' title='bbox 393 3181 451 3255; x_wconf 89' lang='grc' dir='ltr'>τῆς</span> <span class='ocrx_word' id='word_1_173' title='bbox 466 3176 591 3254; x_wconf 77' lang='grc' dir='ltr'>εἰκόνος</span> <span class='ocrx_word' id='word_1_174' title='bbox 605 3179 665 3240; x_wconf 92' lang='grc' dir='ltr'>τοῦ</span> <span class='ocrx_word' id='word_1_175' title='bbox 682 3177 795 3256; x_wconf 91' lang='grc' dir='ltr'>κυρίου</span> <span class='ocrx_word' id='word_1_176' title='bbox 811 3177 903 3256; x_wconf 88' lang='grc' dir='ltr'>ἡμιῦν</span> <span class='ocrx_word' id='word_1_177' title='bbox 925 3173 1050 3253; x_wconf 90' lang='grc' dir='ltr'>Ἰησοῦ</span> <span class='ocrx_word' id='word_1_178' title='bbox 1073 3174 1247 3254; x_wconf 89' lang='grc' dir='ltr'>Χριστοῦ.</span> <span class='ocrx_word' id='word_1_179' title='bbox 1262 3172 1332 3236; x_wconf 91' lang='lat' dir='ltr'>=B</span> <span class='ocrx_word' id='word_1_180' title='bbox 1346 3172 1372 3236; x_wconf 85' lang='lat'>1.</span> 
     </span>
    </p>
   </div>
   <div class='ocr_carea' id='block_1_11' title="bbox 251 3324 1443 3408">
    <p class='ocr_par' dir='ltr' id='par_1_13' title="bbox 251 3324 1443 3408">
     <span class='ocr_line' id='line_1_26' title="bbox 251 3324 1443 3408; baseline -0.004 -16"><span class='ocrx_word' id='word_1_181' title='bbox 251 3334 284 3392; x_wconf 79' lang='lat'>7.</span> <span class='ocrx_word' id='word_1_182' title='bbox 306 3326 387 3406; x_wconf 84' lang='lat' dir='ltr'><strong>(Fol.</strong></span> <span class='ocrx_word' id='word_1_183' title='bbox 399 3325 561 3408; x_wconf 66' lang='lat'><strong>211-216.)</strong></span> <span class='ocrx_word' id='word_1_184' title='bbox 573 3325 757 3406; x_wconf 89' lang='grc' dir='ltr'>Μαρτόριον</span> <span class='ocrx_word' id='word_1_185' title='bbox 779 3330 846 3395; x_wconf 88' lang='grc' dir='ltr'>τῶν</span> <span class='ocrx_word' id='word_1_186' title='bbox 861 3325 961 3402; x_wconf 91' lang='grc' dir='ltr'>ἁγίων</span> <span class='ocrx_word' id='word_1_187' title='bbox 977 3326 1027 3389; x_wconf 86' lang='grc' dir='ltr'>καὶ</span> <span class='ocrx_word' id='word_1_188' title='bbox 1042 3324 1184 3392; x_wconf 88' lang='grc' dir='ltr'>ἐνδόξων</span> <span class='ocrx_word' id='word_1_189' title='bbox 1207 3324 1443 3403; x_wconf 87' lang='grc' dir='ltr'>μεγαλομαρτῦ-</span> 
     </span>
    </p>
   </div>
   <div class='ocr_carea' id='block_1_12' title="bbox 210 3442 549 3522">
    <p class='ocr_par' dir='ltr' id='par_1_14' title="bbox 210 3442 549 3522">
     <span class='ocr_line' id='line_1_27' title="bbox 210 3442 549 3522; baseline -0.012 -14"><span class='ocrx_word' id='word_1_190' title='bbox 210 3463 280 3522; x_wconf 93' lang='grc' dir='ltr'>ρων</span> <span class='ocrx_word' id='word_1_191' title='bbox 294 3442 549 3521; x_wconf 85' lang='grc' dir='ltr'>τεσσαράκοντα.</span> 
     </span>
    </p>
   </div>
   <div class='ocr_carea' id='block_1_13' title="bbox 344 3554 1446 3727">
    <p class='ocr_par' dir='ltr' id='par_1_15' title="bbox 344 3554 1446 3727">
     <span class='ocr_line' id='line_1_28' title="bbox 376 3554 1446 3624; baseline -0.005 -11"><span class='ocrx_word' id='word_1_192' title='bbox 376 3559 432 3613; x_wconf 86' lang='lat' dir='ltr'><strong>lnc.</strong></span> <span class='ocrx_word' id='word_1_193' title='bbox 444 3558 521 3612; x_wconf 86' lang='grc' dir='ltr'>Κατὰ</span> <span class='ocrx_word' id='word_1_194' title='bbox 531 3558 600 3622; x_wconf 88' lang='grc' dir='ltr'>τοὺς</span> <span class='ocrx_word' id='word_1_195' title='bbox 610 3557 724 3624; x_wconf 89' lang='grc' dir='ltr'>καιροὺς</span> <span class='ocrx_word' id='word_1_196' title='bbox 736 3555 857 3611; x_wconf 90' lang='grc' dir='ltr'>Λικινίου</span> <span class='ocrx_word' id='word_1_197' title='bbox 870 3561 922 3611; x_wconf 87' lang='grc' dir='ltr'>τοῦ</span> <span class='ocrx_word' id='word_1_198' title='bbox 944 3558 1132 3624; x_wconf 84' lang='grc' dir='ltr'>παράφρονας</span> <span class='ocrx_word' id='word_1_199' title='bbox 1145 3554 1190 3609; x_wconf 84' lang='grc' dir='ltr'>καὶ</span> <span class='ocrx_word' id='word_1_200' title='bbox 1202 3557 1390 3623; x_wconf 86' lang='grc' dir='ltr'>ἁνομωτότου</span> <span class='ocrx_word' id='word_1_201' title='bbox 1410 3555 1446 3622; x_wconf 86' lang='grc' dir='ltr'>ἢν</span> 
     </span>
     <span class='ocr_line' id='line_1_29' title="bbox 344 3653 1446 3727; baseline -0.004 -15"><span class='ocrx_word' id='word_1_202' title='bbox 344 3653 468 3725; x_wconf 84' lang='grc' dir='ltr'>διωγμός</span> <span class='ocrx_word' id='word_1_203' title='bbox 480 3686 513 3695; x_wconf 96' lang='grc'>-</span> <span class='ocrx_word' id='word_1_204' title='bbox 524 3657 589 3711; x_wconf 73' lang='lat' dir='ltr'>Des.</span> <span class='ocrx_word' id='word_1_205' title='bbox 601 3658 694 3721; x_wconf 88' lang='grc' dir='ltr'>οὕτως</span> <span class='ocrx_word' id='word_1_206' title='bbox 708 3658 759 3710; x_wconf 89' lang='grc' dir='ltr'>οῦν</span> <span class='ocrx_word' id='word_1_207' title='bbox 772 3656 946 3727; x_wconf 80' lang='grc' dir='ltr'>ἁθλησαντες</span> <span class='ocrx_word' id='word_1_208' title='bbox 958 3654 1003 3709; x_wconf 86' lang='grc' dir='ltr'>καί</span> <span class='ocrx_word' id='word_1_209' title='bbox 1016 3655 1251 3722; x_wconf 88' lang='grc' dir='ltr'>στεφανωθέντες</span> <span class='ocrx_word' id='word_1_210' title='bbox 1263 3656 1446 3721; x_wconf 89' lang='grc' dir='ltr'>λάμπουσιν...</span> 
     </span>
    </p>
   </div>
   <div class='ocr_carea' id='block_1_14' title="bbox 189 3757 1446 4315">
    <p class='ocr_par' dir='ltr' id='par_1_16' title="bbox 189 3757 1446 4315">
     <span class='ocr_line' id='line_1_30' title="bbox 342 3757 424 3824; baseline 0.012 -1"><span class='ocrx_word' id='word_1_211' title='bbox 342 3757 424 3824; x_wconf 70' lang='grc' dir='ltr'>ἀμήν·</span> 
     </span>
     <span class='ocr_line' id='line_1_31' title="bbox 253 3867 1446 3953; baseline -0.003 -16"><span class='ocrx_word' id='word_1_212' title='bbox 253 3878 286 3937; x_wconf 88' lang='lat'>8.</span> <span class='ocrx_word' id='word_1_213' title='bbox 308 3869 388 3953; x_wconf 81' lang='lat' dir='ltr'>(Fol.</span> <span class='ocrx_word' id='word_1_214' title='bbox 404 3870 580 3953; x_wconf 55' lang='lat' dir='ltr'>mma)</span> <span class='ocrx_word' id='word_1_215' title='bbox 600 3870 759 3949; x_wconf 86' lang='grc' dir='ltr'>Διήγησις</span> <span class='ocrx_word' id='word_1_216' title='bbox 780 3873 839 3935; x_wconf 93' lang='grc' dir='ltr'>τοῦ</span> <span class='ocrx_word' id='word_1_217' title='bbox 860 3868 1046 3948; x_wconf 86' lang='grc' dir='ltr'>παραδόξου</span> <span class='ocrx_word' id='word_1_218' title='bbox 1074 3868 1265 3946; x_wconf 83' lang='grc' dir='ltr'>θαύματος...</span> <span class='ocrx_word' id='word_1_219' title='bbox 1282 3900 1315 3921; x_wconf 93' lang='lat'><em>=</em></span> <span class='ocrx_word' id='word_1_220' title='bbox 1331 3867 1446 3950; x_wconf 84' lang='lat' dir='ltr'><strong>(Maria</strong></span> 
     </span>
     <span class='ocr_line' id='line_1_32' title="bbox 211 3986 472 4070; baseline -0.008 -18"><span class='ocrx_word' id='word_1_221' title='bbox 211 3986 368 4070; x_wconf 73' lang='lat' dir='ltr'>Deipara)</span> <span class='ocrx_word' id='word_1_222' title='bbox 380 3986 407 4052; x_wconf 90' lang='lat' dir='ltr'>B</span> <span class='ocrx_word' id='word_1_223' title='bbox 421 3987 472 4051; x_wconf 81' lang='lat'>59.</span> 
     </span>
     <span class='ocr_line' id='line_1_33' title="bbox 189 4114 1446 4205; baseline -0.005 -19"><span class='ocrx_word' id='word_1_224' title='bbox 189 4168 192 4172; x_wconf 15' lang='lat' dir='ltr'>A</span> <span class='ocrx_word' id='word_1_225' title='bbox 252 4119 566 4205; x_wconf 70' lang='lat' dir='ltr'><strong>9.(F01.291-294.)</strong></span> <span class='ocrx_word' id='word_1_226' title='bbox 590 4119 645 4183; x_wconf 86' lang='grc' dir='ltr'>Ἐκ</span> <span class='ocrx_word' id='word_1_227' title='bbox 669 4122 735 4185; x_wconf 84' lang='grc' dir='ltr'>τῶν</span> <span class='ocrx_word' id='word_1_228' title='bbox 760 4117 932 4196; x_wconf 86' lang='grc' dir='ltr'>θαυμάτων</span> <span class='ocrx_word' id='word_1_229' title='bbox 957 4120 1016 4181; x_wconf 88' lang='grc' dir='ltr'>τοῦ</span> <span class='ocrx_word' id='word_1_230' title='bbox 1043 4117 1137 4193; x_wconf 88' lang='grc' dir='ltr'>ἁγίου</span> <span class='ocrx_word' id='word_1_231' title='bbox 1161 4114 1446 4195; x_wconf 89' lang='grc' dir='ltr'>μεγαλομὰρτυρος</span> 
     </span>
     <span class='ocr_line' id='line_1_34' title="bbox 209 4235 635 4315; baseline 0 -15"><span class='ocrx_word' id='word_1_232' title='bbox 209 4235 568 4315; x_wconf 84' lang='grc' dir='ltr'>Δημητρίου.--Β3,</span> <span class='ocrx_word' id='word_1_233' title='bbox 582 4254 635 4300; x_wconf 86' lang='lat' dir='ltr'>xv.</span> 
     </span>
    </p>
   </div>
   <div class='ocr_carea' id='block_1_15' title="bbox 213 4363 1446 4564">
    <p class='ocr_par' dir='ltr' id='par_1_17' title="bbox 213 4363 1446 4564">
     <span class='ocr_line' id='line_1_35' title="bbox 257 4363 1446 4452; baseline -0.003 -19"><span class='ocrx_word' id='word_1_234' title='bbox 257 4376 311 4434; x_wconf 91' lang='grc'>10.</span> <span class='ocrx_word' id='word_1_235' title='bbox 333 4367 414 4445; x_wconf 70' lang='lat' dir='ltr'><strong>(Fol.</strong></span> <span class='ocrx_word' id='word_1_236' title='bbox 444 4367 617 4452; x_wconf 61' lang='lat'><strong>3412349.)</strong></span> <span class='ocrx_word' id='word_1_237' title='bbox 646 4368 719 4445; x_wconf 87' lang='grc' dir='ltr'>Βίος</span> <span class='ocrx_word' id='word_1_238' title='bbox 744 4367 794 4430; x_wconf 91' lang='grc' dir='ltr'>καὶ</span> <span class='ocrx_word' id='word_1_239' title='bbox 824 4365 964 4430; x_wconf 89' lang='grc' dir='ltr'>πολιτεία</span> <span class='ocrx_word' id='word_1_240' title='bbox 992 4368 1051 4429; x_wconf 88' lang='grc' dir='ltr'>τοῦ</span> <span class='ocrx_word' id='word_1_241' title='bbox 1081 4363 1177 4428; x_wconf 89' lang='grc' dir='ltr'>ὁσίου</span> <span class='ocrx_word' id='word_1_242' title='bbox 1207 4365 1330 4443; x_wconf 88' lang='grc' dir='ltr'>πατρὸς</span> <span class='ocrx_word' id='word_1_243' title='bbox 1355 4366 1446 4442; x_wconf 85' lang='grc' dir='ltr'>ἡμῶν</span> 
     </span>
     <span class='ocr_line' id='line_1_36' title="bbox 213 4483 768 4564; baseline -0.002 -16"><span class='ocrx_word' id='word_1_244' title='bbox 213 4483 390 4549; x_wconf 89' lang='grc' dir='ltr'>Ἰωάννου</span> <span class='ocrx_word' id='word_1_245' title='bbox 413 4487 472 4548; x_wconf 92' lang='grc' dir='ltr'>τοῦ</span> <span class='ocrx_word' id='word_1_246' title='bbox 484 4483 768 4564; x_wconf 52' lang='grc' dir='ltr'>ΚαληβήτουεΒ.</span> 
     </span>
    </p>
   </div>
   <div class='ocr_carea' id='block_1_16' title="bbox 218 4613 1446 4813">
    <p class='ocr_par' dir='ltr' id='par_1_18' title="bbox 218 4613 1446 4813">
     <span class='ocr_line' id='line_1_37' title="bbox 258 4613 1446 4700; baseline -0.004 -19"><span class='ocrx_word' id='word_1_247' title='bbox 258 4624 313 4681; x_wconf 96' lang='grc'>11.</span> <span class='ocrx_word' id='word_1_248' title='bbox 335 4616 416 4700; x_wconf 81' lang='lat' dir='ltr'><strong>(Fol.</strong></span> <span class='ocrx_word' id='word_1_249' title='bbox 438 4616 599 4700; x_wconf 80' lang='lat'><strong>349-353.)</strong></span> <span class='ocrx_word' id='word_1_250' title='bbox 621 4615 793 4694; x_wconf 87' lang='grc' dir='ltr'>Κατὰθεσις</span> <span class='ocrx_word' id='word_1_251' title='bbox 813 4613 968 4678; x_wconf 90' lang='grc' dir='ltr'>Ἰουδαίου</span> <span class='ocrx_word' id='word_1_252' title='bbox 990 4614 1078 4690; x_wconf 90' lang='grc' dir='ltr'>τινὸς</span> <span class='ocrx_word' id='word_1_253' title='bbox 1102 4613 1368 4692; x_wconf 85' lang='grc' dir='ltr'>ὁμολογήσαντος</span> <span class='ocrx_word' id='word_1_254' title='bbox 1389 4614 1446 4676; x_wconf 91' lang='grc' dir='ltr'>τὸν</span> 
     </span>
     <span class='ocr_line' id='line_1_38' title="bbox 218 4728 1446 4813; baseline -0.003 -17"><span class='ocrx_word' id='word_1_255' title='bbox 218 4733 331 4813; x_wconf 83' lang='grc' dir='ltr'>κύριον</span> <span class='ocrx_word' id='word_1_256' title='bbox 346 4733 439 4811; x_wconf 82' lang='grc' dir='ltr'>ἡμῶν</span> <span class='ocrx_word' id='word_1_257' title='bbox 454 4731 579 4811; x_wconf 84' lang='grc' dir='ltr'>Ἰησοῦν</span> <span class='ocrx_word' id='word_1_258' title='bbox 591 4732 729 4810; x_wconf 89' lang='grc' dir='ltr'>Χριστὸν</span> <span class='ocrx_word' id='word_1_259' title='bbox 742 4730 812 4794; x_wconf 83' lang='grc' dir='ltr'>υἱὸν</span> <span class='ocrx_word' id='word_1_260' title='bbox 824 4733 883 4794; x_wconf 89' lang='grc' dir='ltr'>τοῦ</span> <span class='ocrx_word' id='word_1_261' title='bbox 897 4730 982 4794; x_wconf 86' lang='grc' dir='ltr'>Θεοῦ</span> <span class='ocrx_word' id='word_1_262' title='bbox 994 4733 1053 4794; x_wconf 91' lang='grc' dir='ltr'>τοῦ</span> <span class='ocrx_word' id='word_1_263' title='bbox 1066 4734 1187 4807; x_wconf 82' lang='grc' dir='ltr'>ζιῦντος</span> <span class='ocrx_word' id='word_1_264' title='bbox 1202 4730 1252 4792; x_wconf 87' lang='grc' dir='ltr'>καὶ</span> <span class='ocrx_word' id='word_1_265' title='bbox 1266 4731 1323 4807; x_wconf 87' lang='grc' dir='ltr'>τήν</span> <span class='ocrx_word' id='word_1_266' title='bbox 1334 4728 1446 4809; x_wconf 87' lang='grc' dir='ltr'>άχράν·</span> 
     </span>
    </p>
   </div>
   <div class='ocr_carea' id='block_1_17' title="bbox 0 0 1649 5536">
    <p class='ocr_par' dir='ltr' id='par_1_19' title="bbox 0 0 1649 5536">
     <span class='ocr_line' id='line_1_39' title="bbox 0 0 1649 5536; baseline 0 0"><span class='ocrx_word' id='word_1_267' title='bbox 0 0 1649 5536; x_wconf 95' lang='lat' dir='ltr'> </span> 
     </span>
    </p>
   </div>
  </div>
 </body>
</html>
