3284 5536
290 379 380 431 αισι.
408 379 487 429 ινιτ.
515 378 628 428 Ριιιιιε.
648 398 692 406 -
721 377 822 427 corr.
851 376 960 427 corsr.
988 375 1047 444 τοι,
1075 376 1132 426 ιω.
1261 359 1327 429 311

143 577 197 635 18.
220 569 298 652 (rol.
314 569 502 650 21322152.)
521 568 681 645 Διήγησις
696 569 778 649 ποίῳ
801 569 912 649 τρόπω
936 568 1081 645 ἔλαβενὸ
1108 568 1198 645 άγιος
1221 570 1332 632 Βασί·

100 689 202 764 λειος
224 690 260 749 τὸ
276 685 416 764 χάρισμα
430 690 487 762 τῆς
500 684 707 761 λειτουργίας.
727 715 758 734 =
778 703 818 747 ex
834 683 901 746 134.

264 803 319 855 lnc.
329 799 540 868 Χειροτονηθείς
554 799 651 853 τοίνυν
664 800 679 851 ὁ
693 800 771 864 άγιος
784 799 935 862 Βασίλειος.

144 909 197 967 19.
220 901 297 983 (rol.
314 901 489 982 rur-216.)
503 898 557 962 Ἐκ
571 902 629 976 τήν
645 901 772 977 ἐξορίαν
787 903 845 961 τοῦ
869 898 1163 976 Χρυσοστάμου.

262 1015 457 1082 Fragmentum
469 1013 554 1067 Vitae.
568 1014 623 1067 Ine.
636 1014 823 1076 συναχθέντες
836 1013 938 1078 οἱπερὶ
957 1013 1099 1078 Θεόφιλον
1121 1012 1333 1078 ἐνδιαβάλλουσι

233 1117 284 1168 τὸν
296 1114 435 1180 Ἰωάννην.

569 1384 707 1433 ροισι.
754 1360 859 1432 ὅθί.

132 1540 203 1595 Olim
216 1540 399 1608 Seguerianus
411 1541 452 1594 ⁰27.

134 1640 271 1694 Foliorum
287 1642 341 1704 100,
354 1640 450 1706 (Ἀλλά
466 1648 491 1697 ><
507 1641 609 1703 0⁰=‚175,
624 1640 790 1703 chartaceus.
803 1639 881 1692 lineis
896 1639 991 1707 plenis,
1002 1644 1129 1692 exaratus
1142 1657 1212 1694 saec.
1223 1640 1292 1694 XIV.

140 1820 219 1902 (rol.
234 1821 332 1898 3-98.)
349 1822 506 1898 Διήγησις
522 1822 570 1882 καί
587 1821 655 1896 βίος
669 1820 718 1881 καὶ
732 1820 874 1882 πολιτεία
899 1821 948 1880 καί
975 1819 1137 1895 θαυμάσια
1160 1823 1330 1897 ψυχορελή

100 1941 159 2000 τοι)
176 1936 271 2001 ὁσίου
294 1938 416 2014 πατρὸς
439 1937 528 2013 ἡμῶν
551 1934 743 2013 Νίφοντος
765 1937 815 1997 καὶ
832 1935 1010 1997 ἐπισκόπου
1028 1939 1083 2011 τῆς
1099 1935 1331 2014 ἐπονομαζομέ-

99 2074 158 2130 νης
179 2052 442 2130 Ἀρμενοιιόλεως.
458 2075 490 2093 =
507 2051 624 2114 119535.

545 2397 707 2449 ροισι.
759 2379 858 2451 505.

132 2557 203 2611 Olim
216 2556 398 2624 Seguerianus
411 2559 434 2610 5.

131 2656 271 2710 Foliorum
295 2656 352 2720 364,
381 2660 488 2724 praeter
511 2656 575 2708 solia
601 2655 646 2709 Ar
673 2657 789 2710 insiticia
815 2658 841 2710 in
871 2658 958 2725 eapite
981 2658 1043 2711 libri
1067 2664 1094 2712 εί
1122 2658 1217 2713 ίοίίιιτιι
1241 2660 1331 2723 grstia,

96 2754 190 2818 ΟΨ)
205 2763 230 2812 Χ
244 2755 347 2818 0·‚170,
358 2753 435 2806 lineis
447 2752 543 2820 plenis,
562 2758 691 2807 exaratus
703 2770 774 2807 saec.
787 2754 817 2807 X.

140 2944 169 3000 1.
191 2935 271 3017 (rol.
290 2936 385 3017 1-99.)
400 2935 474 3000 vita
488 2934 521 2999 S.
536 2935 728 3018 Stephani
749 2935 915 3001 Sabaitae.
928 2960 959 2980 =
972 2937 1007 3000 B.

261 3051 315 3104 Ine.
327 3051 468 3120 acephala„

137 3157 169 3214 2.
192 3150 270 3233 (rol.
285 3150 440 3231 99v-135.)
457 3151 625 3229 Ἐξήγησις
640 3151 711 3229 ἢτοι
727 3153 903 3231 μαρτύριον
916 3156 981 3214 τῶν
993 3151 1092 3229 ἁγίων
1103 3155 1253 3230 πατέρων
1266 3157 1331 3217 τῶν

97 3266 329 3344 ἀναιρεθέντων
344 3267 408 3329 ὑπὸ
430 3267 601 3345 βαρβάρων
622 3268 725 3345 ἤγουν
746 3268 943 3345 Σαρακηνών
966 3269 1000 3332 ἐν
1014 3275 1052 3351 τῇ
1076 3270 1206 3350 μεγίστῃ
1227 3273 1330 3352 λαυρᾷ

97 3387 155 3446 τοῦ
172 3382 268 3447 ὁσίου
283 3385 406 3460 πατρὸς
422 3384 511 3460 ἡμῶν
526 3383 622 3460 Σάβα.
638 3407 671 3427 =
684 3383 856 3465 (Martyres
871 3391 928 3462 xx)
942 3384 978 3447 B.

138 3506 170 3563 3.
193 3499 273 3578 (rol.
298 3499 455 3582 135-171.)
485 3500 560 3576 Βίος
588 3503 647 3562 τοῦ
678 3501 711 3562 ἐν
741 3501 843 3577 ἁγίοις
872 3503 994 3578 πατρὸς
1021 3502 1111 3578 ἡμῶν
1144 3502 1329 3579 Γεωργίου

99 3615 239 3693 Κυπρίου
257 3619 315 3678 τοῦ
332 3616 426 3697 ἐντῷ
442 3615 576 3696 Χωίιβᾷ.
592 3647 629 3665 =
646 3614 681 3677 B.

135 3738 170 3794 4.
192 3730 229 3807 (F
230 3730 269 3794 ολ.
288 3729 472 3812 mlv-1762)
487 3730 553 3793 Τοῡ
571 3729 671 3793 αὐτοῦ
684 3730 861 3793 ἀκολουθία
875 3735 940 3794 τῶν
964 3731 1136 3808 θαυμάτων
1151 3737 1207 3809 τῆς
1234 3732 1328 3809 ὑπερ·

97 3846 187 3923 αγίας
209 3846 405 3909 Θεοτὸκου
429 3851 485 3924 τῆς
500 3847 533 3909 ἐν
549 3852 586 3928 τῇ
604 3853 685 3928 μονῇ
702 3848 858 3928 λεγομένῃ
871 3847 1003 3928 Χωζιβᾷ.
1024 3880 1054 3897 =
1074 3846 1161 3911 1365.

137 3970 169 4027 5.
192 3961 271 4042 (For.
289 3962 460 4040 177-181'.)
486 3962 673 4041 Μαρτύριον
696 3966 762 4026 τῶν
785 3964 885 4038 άγίων
915 3963 1098 4039 ἑξήκοντα
1123 3965 1219 4027 νέων
1242 3986 1331 4043 μαρ-

96 4072 221 4147 τύρων
241 4074 306 4133 τῶν
322 4070 356 4133 ἐν
370 4076 408 4153 τῇ
425 4070 499 4152 ἁγίᾳ
510 4070 649 4148 Χριστοῦ
663 4074 722 4133 τοῦ
737 4071 822 4133 Θεοῦ
840 4071 929 4148 ἡμῶν
944 4071 1032 4134 πόλει
1052 4071 1101 4133 ἐπὶ
1117 4076 1173 4148 τῆς
1184 4074 1328 4150 τυραννί·

96 4189 154 4263 δας
168 4189 233 4249 τῶν
247 4185 386 4264 Ἀράβων
400 4186 687 4264 μαρτυρησάντων.
703 4224 736 4245 =
746 4186 920 4267 (Martyres
937 4187 990 4269 rx)
1001 4186 1037 4250 B.

137 4308 170 4367 6.
192 4301 272 4386 (rol.
289 4301 462 4385 182487v.)
479 4302 665 4379 Μαρτύριον
689 4306 748 4365 τοῦ
765 4303 859 4378 ἁγίου
876 4303 1161 4381 μεγαλομάρτυρος
1184 4302 1330 4367 Ἀθανα·

13 4424 16 4428 ’
98 4419 184 4483 σίου
207 4422 266 4481 τοῦ
283 4419 377 4501 ἐντῷ
394 4418 551 4496 Κλύσματι
567 4424 624 4496 τῆς
640 4418 777 4495 ἐρυθρᾶς
790 4419 969 4496 θαλάσσης.
1208 4418 1264 4483 Iul.
1280 4420 1331 4483 98.

262 4535 317 4588 Ine.
336 4535 551 4588 Βασιλευόντων
571 4541 630 4587 τῶν
653 4535 853 4599 ἀσεβεστάτων
875 4533 920 4587 καί
939 4535 1115 4600 παρανόμων
1135 4534 1331 4587 Διοκλιτιανοθ

228 4633 274 4686 καί
286 4635 460 4698 Μαξιμιανοθ
477 4662 509 4671 -
527 4634 588 4687 Des.
600 4633 630 4686 ἐν
642 4638 684 4700 τῷ
703 4634 844 4698 Κλύσματι
856 4634 927 4698 πρὸς
940 4639 973 4698 τῃ
987 4634 1094 4700 ἐρυθρᾷ
1107 4634 1244 4701 θαλάσσῃ,
1258 4635 1332 4698 βασι-

228 4734 362 4795 λεύοντος
376 4736 427 4799 τῆς
438 4733 584 4799 Ῥωμαίων
596 4732 737 4796 πολιτείας
751 4733 937 4797 Μαξιμιανοίι.
