3284 5536
346 394 437 480 mm.
464 394 544 447 υιτ.
572 394 685 445 mms,
704 415 752 425 -
778 394 881 447 comi.
908 394 1018 448 amsi.
1046 394 1105 466 ωε,
1123 364 1191 466 ιω,
1218 393 1277 447 ιιι.
1361 374 1429 448 291

242 591 297 647 17.
320 583 398 666 (Fol.
414 584 590 666 hev-257.)
606 585 679 662 Βίος
701 583 959 662 Ξενοφῶντος
981 586 1030 647 καὶ
1046 588 1103 663 τῆς
1118 585 1257 664 συμβίου
1271 584 1372 649 αὐτοῦ
1385 587 1435 649 καί

198 703 264 763 τῶν
276 700 336 763 δύο
352 701 481 765 τέκνων.
492 722 526 742 =
543 699 645 764 1313³.
734 781 737 788 .
1306 700 1372 765 Ian.
1386 701 1434 765 16.

243 821 296 880 18.
321 815 400 897 (Fol.
412 816 571 893 268-273.)
587 816 773 893 Μαρτύριον
788 818 848 879 τοῦ
872 815 965 893 ἁγίου
984 817 1033 879 καὶ
1049 815 1184 882 ἐνδόξου
1202 815 1436 896 ἱερομάρτυρος

200 931 468 996 Βλασίουεθ.
1149 979 1152 986 .
1279 931 1435 997 iehan.

244 1053 298 1112 19.
321 1048 399 1130 (iol.
412 1049 587 1131 mamm.)
603 1023 741 1126 Βίοςκαὶ
756 1049 895 1135 πολιτείᾳ
911 1051 970 1110 τοθ
984 1047 1080 1111 ὁσίου
1104 1037 1380 1126 Μαρτινιανοῡ.
1399 1081 1432 1102 =
1523 1096 1525 1099 v
1630 1031 1632 1036 ⁵

202 1162 318 1226 145210.

241 1285 298 1344 20.
321 1279 399 1362 (Pol.
413 1258 612 1360 28302851.)
634 1279 801 1357 Ἐξηγησις
824 1282 1046 1356 παραδοθεῖσα
1068 1283 1137 1357 πῶς
1160 1281 1178 1359 ἡ
1202 1280 1285 1357 τιμία
1310 1283 1434 1360 κεφαλὴ

199 1397 390 1473 προδρόμου
408 1399 457 1459 καί
481 1399 658 1474 βαπτιστοῦ
681 1395 856 1458 Ἰωάννου
880 1396 914 1458 ἐκ
929 1400 986 1473 τῆς
1008 1394 1299 1474 Ἡρώδουπόλεως
1314 1397 1358 1474 εἰς
1372 1400 1430 1475 τήν

200 1511 378 1588 Ἐμεσινών
393 1512 553 1590 ἀπηνέχθη
569 1513 670 1574 πόλιν.
686 1511 756 1575 =B
770 1511 799 1574 i.
1271 1512 1364 1577 Febr.
1380 1513 1434 1577 20.

244 1633 302 1692 21.
324 1627 587 1711 (mima-289.)
596 1627 630 1690 Ἠ
643 1626 771 1705 είίρεσις
783 1631 840 1704 τῆς
850 1627 950 1705 τιμίας
962 1630 1103 1706 κεφαλῆς
1114 1631 1173 1691 τοθ
1189 1628 1435 1707 Προδρόμου.

201 1754 240 1795 '=
255 1743 282 1807 B
296 1744 325 1806 3.

243 1864 301 1922 22.
324 1857 899 1940 (κοίταν-194.)οαομαγενομενον
912 1844 974 1920 ὑπό
987 1862 1046 1922 τοῦ
1065 1858 1158 1935 ἁγίου
1176 1851 1434 1938 ἀρχιστρατήγου

200 1975 345 2052 Μιχαὴλ
368 1975 401 2038 ἐν
416 1977 488 2051 ταῖς
503 1975 632 2052 Χώναις.
648 1974 717 2037 =B
732 1975 757 2037 1.
1296 1975 1386 2059 Sept.
1401 1977 1431 2040 6.

672 2281 812 2329 celsi.
863 2256 963 2329 108.

234 2437 372 2491 Foliorum
386 2438 443 2501 207,
454 2440 550 2502 mmo
565 2447 589 2495 ><
603 2439 705 2501 (immo,
718 2438 853 2491 columnis
865 2437 944 2501 binis,
956 2442 1084 2490 exaratus
1096 2453 1168 2490 saec.
1180 2436 1226 2490 xl.

233 2537 361 2591 Continet
372 2540 530 2604 γεροντικό,
540 2543 566 2590 et
577 2538 605 2590 in
617 2537 688 2590 foliis
701 2538 735 2590 ad
747 2538 846 2591 librum
856 2536 1085 2605 compingendum
1098 2536 1227 2590 adhibitis
1240 2556 1246 2590 :

240 2668 321 2749 (Fol.
348 2668 538 2747 mei-mm)
564 2668 750 2745 Μαρτύριον
776 2672 841 2731 τῶν
871 2668 971 2745 ἁγίων
1004 2668 1171 2746 Πρόβου,
1201 2667 1351 2746 Ταράχου
1387 2668 1437 2730 καὶ

198 2783 412 2861 Ἀνδρονίκου.
430 2816 466 2833 2
484 2784 509 2847 B
524 2784 552 2847 2.

365 2900 429 2952 Des.
443 2900 527 2953 mutil.
538 2900 564 2954 in
576 2916 602 2953 n.
614 2901 638 2953 8.

672 3109 812 3156 (misi.
865 3081 962 3156 109.

233 3262 307 3315 Olim
326 3269 378 3316 τοῦ
400 3264 549 3331 εὐκτηρίου
570 3269 620 3330 τῆς
642 3265 795 3331 ὑπεραγίας
817 3266 962 3318 Θεοτόκσυ
986 3263 1029 3318 καί
1051 3268 1103 3318 τοο
1125 3263 1206 3318 ὁσίου
1226 3264 1335 3328 πατρὸς
1356 3264 1437 3329 ἡμῶν
1472 3261 1479 3281 “

199 3363 314 3428 Πέτρου
328 3368 379 3415 τοῦ
392 3364 540 3417 Ἀθωνίτου
554 3364 609 3427 (iol.
623 3365 690 3430 266).
704 3365 767 3417 dein
781 3364 963 3430 Seguerianus
977 3365 1035 3417 309.

235 3459 372 3512 Foliorum
394 3460 449 3521 260,
470 3460 576 3512 saeex
599 3465 736 3522 exaratus,
754 3461 820 3513 nihil
842 3461 963 3513 continet
983 3461 1056 3529 quod
1078 3458 1302 3527 hagiographiam
1323 3462 1436 3527 spectat,

202 3565 308 3626 praeter
317 3577 348 3612 ea
360 3575 430 3627 quae
443 3560 547 3627 scripsit
559 3576 657 3612 manus
670 3576 765 3612 recens
774 3561 801 3612 in
816 3561 983 3627 marginibus
995 3561 1138 3613 foliorum:

246 3700 275 3754 1.
299 3692 376 3769 (iol.
393 3692 552 3771 eea-249.)
568 3694 634 3755 Τοῦ
649 3693 848 3768 λογιωτάτου
867 3697 969 3769 κυροῡ
986 3693 1210 3769 Νικηφόρον
1235 3695 1294 3754 τοῦ
1309 3691 1432 3754 Ξανθο-

201 3809 326 3869 πούλου
344 3812 522 3886 συνοπτική
540 3810 671 3884 σύναξις
686 3814 752 3872 των
768 3810 869 3885 ἁγίων
884 3812 944 3871 τοῦ
957 3807 1037 3871 ὅλου
1054 3808 1211 3880 ἑιθαυτοῦ,
1227 3805 1306 3869 ἀλλὰ
1321 3808 1360 3882 δή
1384 3808 1434 3869 καὶ

202 3927 267 3985 τῶν
283 3927 483 3987 δεσποτικών
499 3926 593 3987 θείων
609 3926 741 4001 ἑορτῶν.
1417 3917 1421 3925 ’

244 4044 276 4102 2.
299 4039 336 4120 (Γ
339 4040 378 4102 ol.
394 4040 582 4118 mii-hem.)
606 4041 658 4102 Ἐκ
680 4044 739 4102 τοῦ
761 4042 831 4118 βίου
853 4044 911 4102 τοῦ
932 4038 1114 4101 ὁσιωτάτου
1139 4040 1188 4100 καί
1203 4036 1295 4112 ἁγίου
1312 4039 1436 4115 πατρὸς

203 4156 293 4231 ἡμων
314 4155 465 4232 Πέτρου
489 4159 548 4218 τοῦ
565 4157 599 4218 ἐν
614 4163 659 4237 τῷ
671 4156 751 4236 Ἄθῳ
768 4157 846 4237 ἁγίῳ
864 4155 930 4232 ὄρει
947 4154 1155 4232 ἀσκήσαντος
1171 4153 1223 4230 ἔτη
1240 4153 1297 4229 νγ’.

367 4273 452 4325 Breve
463 4272 655 4338 fragmentum.

673 4520 813 4569 ροισι.
864 4460 964 4568 110.

238 4657 307 4711 Olim
321 4659 479 4712 monasterii
493 4660 677 4727 Esphigmeni,
689 4661 716 4713 in
726 4665 820 4713 monte
831 4661 912 4721 Atho,
924 4659 1021 4712 deinde
1034 4658 1217 4725 Seguerianus
1233 4659 1287 4711 140.
1317 4636 1321 4646 ¹

239 4757 376 4811 Foliorum
389 4759 445 4821 223,
456 4760 552 4822 011200
564 4771 587 4815 ><
603 4762 705 4821 (immi).
715 4761 784 4812 binis
800 4761 942 4825 columnis,
955 4765 1083 4815 exaratus
1092 4775 1163 4813 saec.
1172 4758 1217 4811 xl.
