3284 5536
200 390 1292 479 mmmwffiwmmmmm

200 605 258 677 τῆς
283 591 419 679 μεγάλης
451 601 571 678 λάβρας
599 605 658 665 τοῦ
687 603 780 678 ἁγίου
818 601 1004 665 Ἀθανασίου
1033 604 1093 664 τοῦ
1131 599 1224 676 ἁγίου
1257 600 1408 677 ὤρουςε

201 715 363 795 (Barlaam
377 720 409 780 et
422 717 574 799 lcasaph)
586 717 621 780 B.

756 922 891 997 9090.

237 1084 310 1139 Olim
323 1085 496 1138 Colbertinus
507 1086 581 1150 4743,
594 1085 692 1138 deinde
702 1085 803 1152 Regius
814 1085 900 1139 32282.

235 1183 410 1247 chartaceus,
423 1183 551 1237 loliorum
577 1185 632 1245 199,
651 1185 748 1246 09910
762 1193 787 1241 ><
802 1185 904 1247 0”“,150,
923 1184 1001 1238 lineis
1018 1183 1113 1252 plenis.
1127 1200 1198 1237 saec.
1220 1182 1281 1236 XVl
1302 1187 1422 1237 exaratus.

202 1282 276 1335 luter
288 1283 389 1336 multas
401 1299 444 1335 res
456 1284 537 1350 plane
550 1284 705 1351 peregrinas
718 1284 803 1336 habet
815 1303 821 1336 :

167 1465 171 1474 ·
245 1431 324 1513 (l'ol.
340 1433 510 1513 ltu-1641)
524 1434 591 1496 Τοῦ
608 1433 808 1511 σοφωτάτου
838 1434 886 1495 καὶ
901 1432 1100 1508 λογιωτάτου
1119 1433 1233 1510 κυρίου
1258 1433 1277 1496 Γ
1280 1433 1423 1510 ρηγορίου

203 1552 263 1611 τοῦ
280 1548 420 1626 Κυπρίου
444 1550 697 1626 χρηματίσαντος
724 1549 920 1626 πατριάρχου
948 1548 1323 1626 Κωνσταντινουπάλεως
1342 1548 1426 1622 ἐγκιόι

204 1683 277 1739 μιον
293 1664 337 1740 είς
349 1666 405 1726 τόν
418 1664 509 1738 άγιον
524 1665 789 1741 μεγαλομάρτυρα
805 1667 853 1726 καὶ
866 1664 1112 1742 τροπαιοφόρον
1135 1663 1428 1742 Γεωργιον.τΒ8.

370 1779 431 1832 Dee.
444 1779 531 1832 mutii.
546 1780 591 1832 καί
602 1781 694 1844 λέγων
707 1780 752 1833 καί
764 1782 950 1846 δεικνύμενος.

758 2061 893 2135 9105.

239 2240 310 2293 Olim
323 2241 466 2295 cardinalis
478 2243 499 2295 Ν
502 2242 582 2296 icolai
596 2243 694 2295 Ridolfi
708 2259 776 2304 ιιοαι,
789 2243 886 2295 deinde
898 2241 1043 2304 Mediceus,
1056 2245 1149 2308 postea
1162 2239 1264 2306 Regius
1275 2238 1351 2291 9964.

239 2340 414 2405 Chartaceus,
428 2341 556 2395 loliorum
575 2343 632 2399 131,
644 2342 740 2403 0“,935
754 2350 778 2399 ><
790 2343 892 2405 09155,
904 2340 982 2394 lineis
994 2339 1088 2408 plenis,
1105 2354 1176 2392 saec.
1185 2336 1248 2391 XlV
1262 2341 1398 2390 exaratus.
1409 2337 1435 2388 lu

207 2438 271 2492 lolio
280 2440 390 2506 praevio
404 2440 547 2508 inscriptus
559 2445 601 2493 est
612 2441 705 2493 titulus
719 2441 870 2506 Ναθαναὴλ
885 2442 965 2504 λόγοι
983 2441 1032 2505 κη’.
1045 2440 1103 2491 Tot)
1116 2440 1205 2490 αὺτυῦ
1218 2435 1365 2490 ἐπιστολαί
1376 2435 1436 2501 ροβ’.

241 2538 331 2591 Unum
348 2539 544 2593 documentum
555 2540 797 2606 hagiographiam
809 2541 896 2592 obiter
906 2539 1039 2592 indicasse
1051 2536 1176 2594 sufficiat,
1188 2535 1263 2603 quod
1273 2533 1437 2602 signavimus

207 2637 301 2697 (liaria
309 2637 433 2705 Deipara)
447 2639 467 2691 B
478 2639 518 2691 54.

760 2833 895 2907 9999.

240 3015 312 3069 Olim
336 3014 481 3067 cardinalis
494 3015 599 3068 Nicolai
619 3014 727 3078 Ridolfi,
747 3019 841 3082 postea
860 3013 1024 3067 Catharinae
1042 3013 1076 3065 de
1094 3011 1213 3076 Medicis,
1231 3011 1332 3065 deiude
1345 3010 1443 3079 Remus

209 3128 371 3177 ciaccxnvm,
386 3115 457 3176 1370,
469 3115 542 3167 3111.

242 3213 418 3273 Chartaceus,
433 3213 561 3265 soliorum
573 3213 630 3275 937,
641 3213 738 3274 09905
753 3221 777 3269 ><
792 3213 894 3275 091143,
907 3211 984 3265 lineis
994 3211 1087 3279 plenis,
1099 3213 1228 3263 exaratus
1240 3225 1312 3263 saec.
1324 3208 1382 3262 llll.

243 3314 334 3367 Codex
346 3314 537 3366 miscellaneus
549 3330 581 3366 ex
592 3329 647 3380 quo
659 3329 746 3366 unum
756 3312 952 3365 documentum
963 3311 1096 3364 indicasse
1107 3310 1240 3364 sufficiat:

1472 3403 1484 3435 Ο

252 3461 328 3542 (Fol.
345 3460 504 3542 919-937.)
526 3460 772 3523 Άναστασίου
795 3458 990 3535 πατριάρχου
1007 3458 1190 3535 Ἀντιοχείας
1206 3458 1355 3535 διήγησις
1378 3458 1445 3534 περί

211 3582 268 3654 τῆς
283 3578 317 3640 ἐν
339 3577 474 3654 Περσίδι
496 3577 669 3652 γενομένης
692 3575 838 3637 συνόδου
861 3577 926 3636 τῶν
950 3573 1146 3636 ἀνατολικῶν
1168 3573 1357 3636 ἐπισκόπων
1373 3572 1407 3636 ἐν
1428 3572 1446 3654 ᾗ

213 3695 262 3755 καὶ
277 3694 347 3770 περὶ
359 3697 424 3754 τῶν
436 3692 469 3754 ἐν
484 3698 521 3768 τῇ
539 3691 616 3772 αὐτῇ
636 3691 726 3770 χώρᾳ
741 3689 924 3764 γεγονότων
940 3689 1116 3766 τεραστίων
1133 3689 1211 3751 κατὰ
1232 3689 1291 3765 τὴν
1306 3691 1366 3751 τοῦ
1381 3687 1447 3765 Χρι-

215 3812 297 3872 στοῦ
312 3810 471 3885 γέννησιν.
487 3832 519 3850 =
537 3807 625 3869 1084.

770 4020 903 4093 9501.

163 4245 171 4262 ,
244 4197 321 4251 Olim
334 4196 476 4255 Mediceus,
489 4195 586 4247 deinde
601 4194 700 4260 Regius
709 4194 782 4246 3199.

248 4297 446 4357 Membrancus,
469 4295 595 4348 loliorum
626 4295 679 4354 133,
702 4294 798 4358 nullo
813 4302 837 4350 >(
853 4293 955 4355 0¹⁰,105.
977 4291 1112 4354 Continet,
1128 4291 1211 4345 rebus
1231 4291 1315 4358 plane
1339 4289 1453 4344 diversis

217 4397 377 4458 admixtum,
390 4410 528 4462 manuque
541 4410 612 4447 saec.
625 4393 685 4445 xlv
697 4397 839 4446 exaratum

260 4545 338 4621 (Ful.
354 4543 525 4621 ltu-133.)
542 4543 615 4618 Βίας
631 4543 679 4603 καὶ
694 4542 834 4603 πολιτεία
850 4545 904 4616 της
920 4541 1040 4615 δούλης
1055 4542 1113 4600 τοῦ
1135 4539 1219 4600 Θεοῦ
1243 4538 1326 4616 Εὐφ
1338 4539 1454 4615 ροσό-

219 4682 284 4737 νης
307 4665 363 4736 τῆς
376 4660 663 4735 μετονομασθήσης
678 4656 880 4732 Σμαράγδου.
893 4677 924 4694 =
936 4653 962 4716 B
979 4655 1005 4715 1.

385 4771 577 4838 Fragmentum
591 4769 708 4837 pessime
722 4769 856 4821 habitum.
