3284 5536
201 350 274 424 232
510 372 601 424 υιυι..
628 372 709 424 ιιιιτ.
735 371 848 424 Ρκτιιε.
868 392 915 402 -
940 371 1020 424 σου.
1048 370 1123 425 ιιιι.

244 568 300 624 14.
322 560 401 642 (Fol.
425 561 614 644 107’-ί24’.)
630 563 788 640 Γέννησις,
804 562 973 641 ἀνατροφή
989 563 1039 626 καί
1061 562 1239 640 μαρτύριον
1252 563 1314 625 τοῦ
1338 560 1421 638 ἁγίου

200 677 250 738 καί
265 676 400 742 ἐνδόξου
413 677 698 756 μεγαλομάρτυρος
720 677 923 756 Γεωργίου.
943 709 978 730 =
991 677 1018 742 B
1032 677 1084 742 31).
1294 676 1372 759 Αρτ.
1382 676 1425 741 23.

244 808 298 866 15.
321 801 400 879 (Pol.
424 801 613 885 lmv-wssv.)
634 802 755 880 Πρᾶξις
770 802 804 867 ἐν
821 802 974 885 συντόμῳ
990 805 1040 867 καί
1062 803 1239 881 μαρτύριον
1264 804 1326 867 τοῦ
1342 802 1426 878 ἁγίου

187 917 250 1012 Ικαὶ
265 919 480 996 πανευφήμου
493 917 681 981 ἀποστόλου
695 919 744 981 καί
757 917 988 994 εὐαγγελιστοῦ
1010 916 1255 997 ΜάρκουςΒ
1264 916 1429 999 1.Αρτ.2ό.

364 1032 432 1087 Fere
443 1033 512 1088 utin
529 1033 588 1087 eod.
600 1032 683 1087 88112.

244 1136 300 1195 16.
322 1130 401 1214 (Fol.
419 1131 577 1214 129-139.)
589 1131 776 1210 Μαρτῦριον
797 1134 857 1195 τοῦ
872 1131 965 1207 ἁγίου
981 1132 1032 1195 καί
1047 1131 1182 1197 ἐνδόξου
1202 1130 1433 1210 ίερομάρτυρος

202 1244 393 1323 Βασιλέως
414 1244 593 1309 ἐπισκόπου
608 1246 786 1323 γενομένου
800 1245 928 1323 πόλεως
938 1244 1111 1325 Ἀμασείας.
1121 1245 1193 1313 =B
1210 1246 1238 1310 1.
1287 1245 1367 1329 Apr.
1382 1245 1430 1310 26.

367 1360 430 1415 Seil.
442 1376 489 1414 nn.
502 1360 566 1414 1-22

244 1464 300 1522 17.
321 1458 401 1542 (Fol.
425 1457 596 1540 139-155'.)
611 1459 685 1536 Βίος
700 1459 750 1522 καὶ
765 1459 939 1537 μαρτύριον
953 1463 1020 1523 τῶν
1035 1458 1135 1537 ἁγίων
1151 1461 1202 1524 καί
1218 1460 1363 1526 ἐνδόξων
1377 1461 1434 1524 τοῦ

201 1571 341 1652 Χριστοῦ
357 1571 554 1639 ἀποστόλων
577 1571 755 1653 Ἰάσωνος
776 1573 1064 1653 καὶΣωσιπάτρου.
1084 1606 1116 1628 ==
1131 1574 1168 1639 Β.
1297 1575 1377 1664 Αρτ.
1388 1573 1436 1640 23.

245 1694 300 1753 18.
322 1687 403 1772 (Fol.
420 1688 611 1771 155v-158v.)
624 1689 746 1768 Πρᾶξις
762 1691 812 1753 καὶ
823 1690 916 1768 τέλος
926 1693 984 1754 τοῦ
1000 1691 1093 1768 ἁγίου
1107 1690 1299 1755 ἀποστόλου
1319 1690 1437 1755 Ἰακώ·

207 1806 275 1882 βου
298 1803 444 1883 ἀδελφοῦ
461 1807 497 1869 δέ
512 1807 572 1869 τοῦ
588 1803 681 1881 ἁγίου
694 1802 882 1869 ἀποστόλου
899 1806 949 1869 καὶ
964 1805 1194 1883 εὐαγγελιστοῦ
1210 1805 1363 1872 Ἰωάννου
1378 1807 1436 1871 τοῦ

204 1919 374 1996 θεολόγου.
1299 1921 1380 2004 Apr.
1390 1919 1439 1984 30.

366 2036 419 2091 ίιιο.
438 2035 502 2090 Κατ’
513 2036 622 2090 ἐκεῖνον
632 2036 685 2090 τόν
700 2036 799 2102 καιρόν
811 2036 961 2102 Ζεβεδαῖος
974 2037 990 2090 ό
1003 2037 1144 2100 Γαλιλαῖος
1156 2037 1238 2099 ἔσχεν
1250 2038 1305 2091 δύο
1317 2036 1398 2100 υίοῦς
1408 2063 1440 2074 -

333 2135 395 2189 Des.
407 2137 514 2201 μεγάλα
526 2136 557 2189 δὲ
568 2134 614 2189 καί
625 2137 716 2189 πολλὰ
727 2137 870 2201 θαυμάσια
888 2135 934 2189 καί
944 2137 1092 2203 παράδοξα
1103 2136 1236 2204 τέρατα...
1250 2136 1334 2204 ἀμήν.

245 2238 300 2296 19.
322 2231 402 2314 (Fol.
415 2233 573 2316 159-169.)
589 2234 664 2311 Βίας
678 2235 727 2297 καὶ
739 2234 913 2312 μαρτύριον
925 2233 995 2312 ἢτοι
1017 2235 1164 2313 κοίμησις
1178 2236 1230 2299 καὶ
1251 2236 1337 2313 πρὸς
1352 2234 1435 2299 Θεὸν

202 2345 396 2426 μετάστασις
410 2351 470 2412 τοῦ
485 2348 578 2424 ἁγίου
592 2349 641 2412 καί
654 2348 788 2413 ἐνδόξου
811 2347 987 2428 Ἰερεμίου
1009 2353 1069 2413 τοῦ
1083 2351 1270 2429 προφήτου.
1314 2349 1388 2415 Μαί.
1405 2350 1432 2414 ί.

365 2464 420 2518 ίυο.
431 2463 462 2517 Ὀ
475 2464 610 2530 μακάριος
623 2463 668 2517 καὶ
681 2464 760 2528 άγιος
772 2468 824 2518 τοῦ
838 2465 912 2519 Θεοῦ
923 2464 1077 2533 προφήτης
1089 2463 1245 2532 Ἱερεμίας...

242 2566 299 2625 20.
321 2561 401 2644 (Βοί.
419 2562 577 2645 169-132.)
603 2564 678 2639 Βίας
701 2564 750 2627 καὶ
771 2563 912 2627 πολιτεία
932 2566 992 2626 τοῦ
1016 2564 1050 2628 ἐν
1075 2564 1178 2641 ἁγίοις
1198 2565 1323 2643 πατρὸς
1346 2564 1436 2642 ἡμῶν

200 2674 424 2742 Ἀθανασίου
448 2678 627 2741 ἐπισκόπου
643 2676 880 2756 Ἀλεξανδρείας.
895 2678 1012 2742 ξΒ3.
1316 2678 1392 2744 Mai.
1406 2680 1436 2744 2.

243 2797 300 2856 21.
323 2792 402 2875 (Fol.
426 2793 599 2875 132214.)
622 2793 808 2872 Μαρτῦριον
832 2799 889 2872 τῆς
908 2792 999 2871 ἁγίας
1025 2793 1160 2859 ἐνδόξου
1179 2795 1229 2858 καὶ
1251 2797 1434 2860 καλλινίκου

203 2908 366 2986 μάρτυρος
380 2911 440 2973 τοῦ
456 2908 596 2987 Χριστοῦ
619 2909 782 2988 Εἰρήνης
802 2912 859 2987 τῆς
875 2910 1049 2987 βασιλίδος.
1315 2909 1391 2975 Μαί.
1405 2910 1434 2976 5.

364 3025 418 3077 [nc.
429 3023 493 3078 Κατ’
501 3024 608 3078 ἐκεῖνον
619 3025 671 3077 τόν
680 3026 779 3089 καιρόν
792 3027 914 3093 ὑπῆρχεν
928 3026 957 3078 ἐν
969 3042 1023 3080 τινι
1031 3026 1111 3080 πόλει
1122 3026 1266 3090 Μαγεδών
1277 3026 1438 3095 καλουμένη

331 3151 365 3160 -
385 3123 447 3176 Des.
469 3127 560 3177 ταῦτα
583 3124 615 3176 δέ
638 3125 842 3191 συνεγράψατο
861 3123 1033 3189 Ἀπελλιανός
1054 3125 1070 3178 ό
1094 3124 1188 3191 γέρων
1211 3125 1258 3178 διὰ
1276 3125 1439 3189 πνεῦματος

290 3280 292 3284 γ
336 3220 444 3286 ἁγίου...
457 3222 537 3288 ἀμήν.

243 3325 301 3383 22.
323 3319 402 3403 (Fol.
428 3320 588 3403 214-216.)
614 3322 688 3398 Βίος
716 3321 750 3385 ἐν
776 3321 929 3405 συντόμῳ
959 3325 1018 3386 τοῦ
1047 3323 1202 3401 μακαρίου
1229 3324 1280 3386 καί
1310 3324 1435 3387 δικαίου

201 3432 287 3514 Ἰώβ.
1320 3437 1396 3503 Μαί.
1407 3437 1438 3503 6.

366 3518 421 3572 Ine.
432 3518 524 3582 Οῦτος
536 3517 659 3572 τοίνυνό
672 3519 807 3586 μακάριος
820 3519 865 3574 καί
877 3519 982 3584 δίκαιος
993 3518 1078 3587 Ἰὼβ...

244 3622 301 3682 23.
325 3616 595 3699 (3012162222.)
613 3617 680 3680 Τοῦ
702 3618 736 3681 ἐν
751 3617 852 3696 ἁγίοις
872 3620 994 3696 πατρὸς
1015 3618 1105 3696 ἡμῶν
1128 3617 1276 3682 Ἰωάννου
1300 3618 1438 3700 ἀρχιεπι·

203 3730 332 3794 σκόπου
363 3731 736 3809 Κωνσταντινουπόλεως
763 3735 823 3795 τοῦ
853 3730 1092 3810 Χρυσοστόμου
1122 3731 1280 3810 ἐγκώμιον
1306 3733 1354 3811 είς
1379 3736 1438 3798 τὸν

202 3846 356 3925 μακάριον
372 3848 421 3909 καί
436 3846 621 3909 πολύαθλον
636 3847 686 3908 καὶ
701 3846 823 3910 δίκαιον
838 3848 888 3910 καὶ
903 3845 1065 3924 ἄμεμπτον
1087 3844 1173 3924 Ἰώβ.

365 3961 412 4014 Ed.
424 3963 455 4015 P.
469 3964 510 4025 G„
522 3959 589 4024 Lvl,
599 3961 700 4015 56370.

193 4088 196 4093 ·
243 4066 299 4123 24.
322 4059 593 4142 (2012232281)
615 4059 801 4138 Μαρτύριον
825 4063 885 4123 τοῦ
908 4060 1002 4136 ἁγίου
1034 4061 1084 4123 καὶ
1105 4059 1240 4126 ἐνδόξου
1270 4061 1436 4141 μάρτυρος

201 4173 414 4255 Ἐπιμὰχου.
429 4219 463 4239 =
476 4174 503 4239 B
516 4175 543 4238 1.
1321 4176 1395 4242 Mai.
1407 4176 1434 4241 7.

242 4297 300 4356 25.
325 4291 404 4374 (Fol.
426 4290 618 4374 228v-233v.)
638 4291 706 4355 Τοῦ
722 4290 756 4354 ἐν
771 4289 873 4368 ἁγίοις
887 4292 1010 4369 πατρὸς
1026 4291 1117 4369 ἡμῶν
1131 4289 1281 4356 Ἰωάννου
1297 4291 1434 4372 ἀρχιετιι·

201 4407 329 4472 σκότου
360 4407 731 4484 Κωνσταντινουπόλεως
758 4410 816 4469 τοῦ
846 4406 1085 4485 Χρυσοστόμου
1116 4407 1275 4485 ἐγκώμιον
1304 4408 1351 4486 εἰς
1377 4410 1434 4472 τὸν

201 4523 292 4601 ἁγιον
318 4522 506 4586 ἀπόστολον
532 4523 581 4584 καὶ
607 4506 834 4600 εὐαγγελιστήν
849 4525 908 4585 τοῦ
932 4522 1072 4601 Χριστοῦ
1095 4521 1270 4601 Ἰωάννην
1291 4525 1349 4587 τὸν
1365 4528 1433 4588 θεο-

200 4640 308 4717 λόγον.
1316 4638 1390 4704 Μαί.
1405 4640 1433 4705 8.

366 4721 413 4774 Ed.
425 4722 456 4774 P.
467 4724 507 4784 G„
520 4718 586 4779 ux.
600 4720 681 4773 2329.
