3284 5536
525 401 616 452 υιυι.
643 399 726 455 υκτ.
751 402 866 454 mus.
886 422 932 432 -
959 402 1039 456 σου.
1066 401 1142 456 ιιιο.
1380 385 1452 458 239

253 596 287 655 8.
309 590 389 673 (Fol.
405 591 545 675 94-162.)
572 592 725 657 Λεοντίου
754 595 979 673 πρεσβυτέρου
1010 598 1154 674 μοναχοῦ
1185 597 1235 660 καί
1264 595 1448 675 ἡγουμένου

216 710 317 783 μονῆς
331 709 392 770 τοῦ
407 707 501 784 ἁγίου
516 709 626 787 Σάββα
640 712 698 786 τῆς
712 707 878 787 Ῥωμαίων
892 709 1019 787 πόλεως
1034 711 1183 787 διήγησις
1199 711 1243 788 είς
1257 730 1291 775 τε
1306 713 1364 776 τὸν
1380 712 1450 790 βίον

211 823 320 885 καὶτὰ
342 824 488 899 θαύματα
510 828 568 887 τοῦ
590 824 686 887 ὁσίου
710 827 759 887 καὶ
786 826 942 903 μακαρίου
970 826 1092 904 πατρὸς
1121 826 1212 903 ἡμῶν
1235 827 1446 904 Γρηγορίου

210 936 390 1002 ἐπισκόπου
407 942 582 1017 γενομένου
597 946 654 1018 τῆς
677 941 923 1018 Ἀκραγαντίνων
938 941 1108 1020 ἐκκλησίας
1130 943 1200 1020 ἢτοι
1225 946 1282 1021 τῆς
1304 943 1444 1006 Σικελῶν

211 1051 371 1131 ἐπαρχίας.
389 1096 422 1116 =
437 1055 463 1119 B
481 1057 508 1119 1.
1302 1055 1383 1121 Nov.
1395 1057 1446 1121 23.

249 1199 281 1257 9.
303 1193 384 1276 (Fol.
402 1195 560 1274 162-174.)
575 1197 761 1274 Μαρτύριον
775 1201 833 1275 τῆς
848 1195 939 1273 ἁγίας
960 1196 1233 1275 Αίκκατερίνης
1255 1201 1313 1276 τῆς
1330 1184 1441 1276 Βίργη-

206 1307 290 1371 λίου
313 1311 363 1373 καί
377 1309 528 1389 ῥήτορος.
543 1354 576 1374 =
593 1310 697 1376 10218.
1298 1309 1379 1376 Nov.
1396 1311 1446 1376 24.

250 1447 305 1504 10.
327 1441 515 1521 Μαρτύριον
542 1446 603 1507 τοῦ
628 1443 720 1520 ἁγίου
752 1442 902 1520 Πέτρου
940 1442 1120 1507 ἐπισκόπου
1149 1443 1388 1522 Ἀλεξανδρείας.

1295 1557 1376 1624 Νοτ.
1392 1558 1443 1622 24.

372 1672 427 1726 Ine.
447 1672 573 1738 Ἐγένετο
598 1677 652 1727 τοθ
675 1672 815 1739 μακαρίου
835 1673 950 1740 Πέτρου
972 1673 1197 1737 καταοχεθέντος
1220 1675 1275 1728 ὑπό
1299 1678 1360 1728 τῶν
1379 1674 1447 1727 τότε

339 1772 572 1838 πεμφθέντων-
590 1773 652 1826 Des.
664 1771 709 1826 καί
721 1773 854 1837 ἐκόμισαν
867 1773 955 1827 αὑτὸν
967 1772 997 1826 έν
1010 1773 1033 1840 ᾧ
1048 1772 1134 1836 αὺτδς
1147 1773 1333 1841 ᾠκοδόμησεν
1352 1789 1448 1840 κοιμη-

338 1869 430 1938 τηρίψ
442 1871 473 1924 ἐν
485 1872 509 1938 ᾦ
520 1873 612 1925 πολλὰ
624 1873 725 1939 σημεῖα
736 1872 896 1937 γεγόνασι...
909 1871 991 1939 ἁμήν.

250 1991 305 2048 11.
327 1984 406 2066 (Fol.
424 1985 611 2069 182¹·188'.)
623 1986 809 2092 Μαρτύριον
819 1990 879 2051 τοῦ
895 1985 988 2063 ἁγίου
1005 1985 1169 2066 μάρτυρος
1184 1985 1442 2065 Μερκουρίου.

1298 2099 1380 2166 Nom
1392 2101 1446 2166 βό.

373 2217 428 2271 Inc.
440 2218 645 2282 Βασιλεὺοντος
659 2217 719 2272 κατ’
728 2219 835 2272 ἐκεῖνον
847 2219 900 2272 τόν
912 2219 1011 2285 καιρὸν
1019 2217 1123 2272 Δεκίου
1136 2217 1181 2272 καί
1192 2218 1401 2286 Οὐαλλεριανοῦ
1414 2248 1446 2260 -

339 2315 401 2369 Des.
413 2315 459 2369 καί
471 2317 516 2369 διὰ
527 2317 562 2371 τό
572 2319 691 2384 σημεῖον
700 2321 788 2370 τοῦτο
797 2315 897 2370 πολλοί
909 2316 1080 2371 ἐπίστευσαν
1091 2317 1227 2385 Χριστῷ...
1240 2317 1323 2383 ἁμήν.

248 2434 304 2492 12.
327 2428 407 2511 (Fol.
432 2430 607 2511 188v-206.)
629 2431 704 2509 Βίος
725 2435 784 2494 τοῦ
810 2430 906 2495 ὁσίου
932 2432 1055 2509 πατρὸς
1076 2431 1167 2509 ἡμῶν
1188 2430 1359 2495 Ἀλυπίου
1382 2434 1443 2495 τοῦ

201 2542 350 2607 Κιονίτου
367 2549 426 2608 τοῦ
442 2545 476 2609 ἐν
491 2549 560 2624 τοῖς
575 2546 704 2624 χρόνοις
718 2545 903 2623 Ἡρακλείου
915 2549 974 2609 τοῦ
992 2547 1150 2623 βασιλέως
1161 2547 1385 2622 τελειωθέντας
1401 2546 1436 2609 ἐν

202 2657 372 2737 Ἀδριανοῦ
383 2666 421 2742 τῇ
437 2660 526 2724 πόλει
541 2666 598 2738 τῆς
612 2660 843 2740 Παφλαγόνων
859 2661 1017 2740 ἐπαρχίας.
1297 2660 1376 2726 Νοτ.
1388 2660 1439 2725 βό.

372 2783 426 2836 Ine.
440 2782 467 2837 Εί
478 2783 577 2837 πολλοί
593 2785 725 2847 πολλάκις
739 2785 815 2850 βίους
828 2785 917 2838 δσίων
928 2784 1062 2851 πατέρων
1075 2784 1308 2851 ἀναγραψάμενοι
1325 2814 1358 2824 -
1380 2785 1441 2840 Des.

337 2880 449 2948 χαίρετε
462 2881 508 2934 καί
520 2881 715 2948 φυλάττεσθαι
727 2882 820 2945 τέκνα,
832 2882 877 2935 καί
889 2883 926 2949 μὴ
939 2883 1095 2936 δειλιότω...
1113 2882 1195 2948 ἁμήν.

247 3003 303 3060 13.
327 2995 406 3076 (Ροί.
422 2995 598 3078 206-215'.)
614 2996 801 3074 Μαρτύριον
816 2999 874 3059 τοῦ
898 2996 990 3072 ἁγίου
1014 2995 1191 3075 Ἰακώβου
1214 3000 1274 3061 τοῦ
1290 2998 1438 3076 Πέρσου.

204 3139 239 3160 =
256 3108 362 3173 1173⁶.
1291 3111 1372 3178 Nov.
1387 3115 1437 3179 27.

244 3248 299 3305 14
322 3240 402 3323 (Πολ
417 3241 608 3321 215v-221v.)
625 3242 811 3320 Μαρτύριον
826 3245 885 3305 τοῦ
901 3241 994 3319 ἁγίου
1008 3242 1171 3321 μάρτυρος
1186 3242 1399 3323 Είρηνάρχο
1410 3266 1439 3308 υ.

1288 3358 1369 3423 Νον.
1386 3360 1437 3424 β8.

366 3471 421 3526 Ine.
434 3473 508 3526 Κατὰ
520 3473 587 3536 τοὺς
600 3474 715 3539 καιροὺς
735 3472 859 3536 ἐκείνους
880 3474 1053 3539 Μαξιμιανοδ
1066 3475 1292 3540 ἡγεμονεύοντος
1311 3476 1341 3528 ἐν
1359 3476 1440 3529 πόλει

331 3570 484 3637 Σεβαστείᾳ
493 3600 526 3608 -
536 3571 597 3624 Des.
608 3573 680 3625 κατὰ
692 3573 800 3638 δυσμὰς
809 3572 929 3639 πλησίον
940 3576 991 3638 τῆς
1004 3571 1112 3638 λίμνης·
1124 3573 1275 3641 ἐπληρώθη
1290 3575 1346 3627 δέ...
1359 3574 1439 3640 ἁμήν.

244 3695 299 3752 15.
322 3686 402 3765 (Fol.
418 3686 579 3770 222285.)
599 3688 672 3764 Βίος
697 3689 748 3750 καὶ
770 3689 913 3750 πολιτεία
928 3686 1083 3765 ὁμολογία
1107 3708 1141 3751 τε
1160 3692 1210 3751 καί
1225 3687 1361 3766 ἄθλησις
1377 3692 1436 3752 τοῦ

199 3802 298 3866 ὁσίου
319 3803 443 3880 πατρὸς
467 3802 558 3880 ἡμῶν
587 3792 789 3882 Στεφάνου
822 3806 881 3866 τοῦ
905 3803 982 3866 νέου
1004 3806 1063 3866 τοῦ
1090 3804 1359 3881 μαρτυρήσαντος
1384 3803 1433 3867 ἐπὶ

199 3916 448 3981 Κωνσταντίνου
464 3920 524 3980 τοῦ
540 3916 669 3996 ἀσεβῶς
686 3917 948 3994 βασιλεύσαντος.
964 3952 998 3972 =
1011 3917 1045 3979 Β.
1293 3915 1374 3981 Νον.
1387 3917 1438 3981 28.

243 4056 300 4115 16.
322 4048 953 4131 (υοι.18οωι.ισράεειςωατοαιου
976 4050 1026 4111 καὶ
1048 4047 1221 4126 Ἀνδρέου
1245 4053 1311 4112 τῶν
1333 4050 1439 4126 ἁγίων

198 4165 364 4242 μακαρίων
386 4155 581 4228 ἀποστόλων
597 4166 645 4227 καί
659 4169 809 4242 μαθητῶν
824 4168 884 4228 τοῦ
900 4165 1013 4242 κυρίου
1031 4164 1121 4241 ἡμῶν
1145 4163 1171 4226 Ἰ.
1194 4163 1226 4226 Χ.
1243 4164 1277 4227 ἐν
1290 4171 1326 4241 τῇ
1347 4165 1439 4246 χώρᾳ

197 4283 266 4345 τῶν
280 4279 565 4359 ἀνθρωποφὰγων.
581 4320 614 4340 --
625 4279 661 4343 Β.
1289 4278 1370 4343 Νον.
1387 4278 1438 4343 30.

245 4420 301 4477 17.
322 4411 400 4495 (Ροί.
416 4411 591 4494 301-305v.)
606 4412 793 4490 Μαρτύριον
804 4414 863 4474 τοῦ
880 4411 973 4486 ἁγίου
991 4411 1040 4472 καὶ
1055 4411 1271 4487 πανευφήμου
1289 4410 1432 4473 ἀποστό·

200 4530 263 4591 λου
287 4526 468 4604 Ἀνδρέου.
801 4568 803 4572 -
1289 4524 1371 4589 Νον.
1387 4525 1437 4589 30.

366 4650 420 4706 lnc.
427 4652 620 4715 Διδόσκοντος
629 4655 682 4704 τοῦ
691 4650 818 4717 Ἀνδρέου
828 4654 881 4703 τοθ
891 4649 1054 4703 ἀποστόλου
1065 4649 1096 4701 ἐν
1101 4649 1228 4715 Πάτραις
1237 4651 1288 4715 τῆς
1296 4647 1437 4712 Ἀχαίας-

335 4750 395 4805 λλατ.
407 4751 424 4804 ὁ
436 4751 528 4814 δεινός
539 4749 675 4818 Αίγειίτης
692 4749 901 4816 ἐτελεότησεν...
916 4747 997 4815 ἁμήν.
