3284 5536
500 374 594 425 οισι..
622 374 703 426 ιιιπ.
728 374 840 426 pinis.
862 395 907 404 -
934 375 1013 425 σου.
1041 372 1116 426 mi.
1360 355 1427 428 155

186 564 333 642 ρώσεως
357 564 458 643 τιμίας
487 562 585 642 αύτῆς
614 563 754 641 ἐσθῆτος
779 565 828 626 καὶ
854 562 945 642 όπως
970 563 1010 643 [ὁ]
1039 564 1137 643 μέγας
1160 567 1303 643 πλοῦτος
1328 564 1428 644 οὗτος

175 683 391 757 χριστιανοῑς
405 679 665 758 τεθησαύρισται.
1280 679 1362 764 Aug.
1381 681 1428 746 15.

359 792 415 846 Ιιια.
426 792 524 859 Ἔκρήν
541 793 655 860 ἀληθῶς
667 792 720 859 τὴν
731 792 875 858 παρθένον
887 793 984 858 ὥσπερ
997 792 1068 858 αύτη
1083 792 1157 845 Θεοῦ
1168 793 1240 858 πρός
1258 794 1429 859 ἀνθρώπους

327 890 477 956 ἐπιφοιτᾶν
489 889 640 954 μέλλοντος
652 917 686 928 -
702 888 764 942 Des.
777 887 868 951 οὐδεὶς
880 889 952 954 πρός
965 888 1098 955 ἀλήθειαν
1116 887 1201 954 λόγος
1217 888 1336 956 ἐξαρκεῑ’
1350 890 1428 951 εὐχα-

327 989 421 1056 ριστίᾳ
433 989 465 1042 δέ
477 989 549 1058 μόνη
562 989 596 1041 τό
608 991 724 1054 πρᾶγμα
737 987 863 1042 δοτέον...
876 987 957 1054 ἀμήν.

251 1094 297 1152 19.
317 1085 395 1169 (Pol.
413 1087 584 1170 1717-191.)
599 1086 786 1165 Ὑπόμνημα
798 1086 843 1164 εἰς
856 1087 914 1150 τὸν
930 1085 1021 1163 ἅγιον
1036 1087 1209 1165 προφήτην
1224 1088 1274 1150 καί
1288 1086 1429 1165 πρόδρο·

147 1214 267 1268 11ον
278 1202 460 1266 ἀπόστολον
474 1221 508 1265 τε
523 1203 573 1265 καὶ
588 1201 734 1280 μάρτυρα
745 1199 894 1278 Ἰωάννην
908 1201 965 1264 τὸν
978 1203 1160 1279 βαπτιστήν.
1285 1200 1367 1284 Aug.
1379 1202 1429 1265 99.

360 1317 415 1371 Ιιια.
427 1317 559 1384 Ἰωάννην
571 1319 605 1370 τό
618 1317 689 1383 μέγα
701 1317 781 1380 κλέος
793 1320 844 1383 τής
857 1315 1023 1382 οἰκουμένης
1035 1317 1087 1370 τόν
1100 1317 1280 1384 βαπτιστήν...

359 1414 456 1470 Latino
471 1416 544 1484 apud
560 1416 667 1480 Summi,
679 1415 714 1469 ad
726 1415 752 1468 ἁ.
760 1415 794 1468 99
806 1415 922 1483 augusti.

252 1514 395 1598 13.(1«“ο1.
420 1515 591 1597 191-198'.)
617 1514 722 1592 Λόγος
745 1513 815 1591 ήτοι
837 1514 995 1593 ἐγκώμιον
1014 1515 1058 1592 εἰς
1083 1516 1141 1593 τήν
1163 1515 1358 1594 ἀνακομιδήν
1373 1520 1431 1594 τής
1474 1574 1476 1578 .

149 1633 302 1710 ’τιμίας
321 1633 429 1711 χειρὸς
452 1635 513 1696 τοῦ
538 1632 632 1708 ἁγίου
648 1630 798 1695 Ἰωάννου
823 1634 882 1695 τοῦ
904 1631 1095 1710 προδρόμου
1117 1632 1175 1708 τήν
1197 1631 1229 1697 ἐξ
1248 1630 1431 1710 Ἀντιοχείας

154 1749 380 1825 Υενομένην.
394 1772 428 1792 =
445 1747 563 1811 144910.
986 1746 1031 1830 Τί)
1048 1747 1202 1825 ἐπαύριον
1217 1750 1282 1811 τιῦν
1298 1745 1430 1825 φώτων.

251 1878 295 1935 14.
318 1870 397 1954 (Fol.
423 1870 595 1954 199-906’.)
617 1871 777 1948 Διήγησις
803 1872 971 1949 θαυμαστή
998 1871 1047 1934 καὶ
1068 1870 1253 1949 παράδοξος
1277 1872 1430 1949 περὶτοῦ

176 1990 371 2066 Υενομένου
395 1989 558 2067 θαύματος
581 1988 616 2052 ἐν
638 1989 772 2071 Βηρυτῷ
799 1988 886 2066 παρὰ
907 1992 963 2066 ιής
986 1987 1111 2065 εἰκόνος
1132 1991 1191 2052 τοῦ
1211 1989 1323 2067 κυρίου
1340 1989 1431 2069 ἡμιῦν

194 2091 322 2180 Ἰησοῦ
347 2103 515 2182 Χριστοῦ
535 2105 585 2167 καὶ
598 2105 670 2183 περὶ
684 2104 833 2182 νηστείας
847 2105 897 2166 καί
913 2103 1140 2182 έλεημοσύνης.
1154 2123 1188 2144 =
1201 2103 1285 2168 521².

250 2235 297 2294 15.
319 2227 399 2311 (Fol.
415 2227 591 2310 9079111)
609 2227 689 2305 Περὶ
710 2230 769 2291 τοῦ
786 2227 961 2305 γεγονότος
982 2229 1134 2307 μεγίστου
1151 2229 1314 2307 θαύματος
1335 2230 1430 2314 ἐντῷ

211 2339 282 2426 ἁγίῳ
304 2344 419 2422 φρέατι
441 2348 499 2420 τῆς
524 2343 661 2421 μεγάλης
682 2342 851 2420 ἐκκλησίας
876 2343 962 2421 παρὰ
986 2347 1044 2422 τῆς
1064 2342 1155 2421 ἁγίας
1180 2346 1229 2407 καὶ
1256 2346 1433 2424 σεβασμίας

211 2457 321 2537 εἰκόνος
335 2463 396 2523 τοῦ
413 2459 526 2537 κυρίου
542 2458 632 2536 ἡμῶν
654 2457 776 2536 Ἰησοῦ
799 2457 965 2536 Χριστοῦ
986 2461 1035 2522 καὶ
1046 2461 1117 2537 περὶ
1128 2462 1187 2522 τοῦ
1199 2461 1365 2538 πατρικίου
1382 2463 1431 2525 καί
1515 2531 1517 2535 ,

214 2576 260 2636 τοῦ
273 2575 484 2654 φιλοχρίστου
499 2573 663 2652 νοταρίου.
679 2597 710 2620 =
725 2574 792 2638 Βά.

247 2694 295 2753 16.
317 2688 397 2771 (Fol.
413 2689 573 2770 919-995.)
589 2689 748 2767 Διήγησις
770 2691 937 2767 θαυμαστή
951 2691 1000 2753 καὶ
1015 2691 1207 2769 ψυχοφελής
1229 2689 1292 2754 ἀπό
1316 2692 1430 2770 διαφό-

214 2820 267 2878 ρων
280 2803 495 2882 ἀθροισθεῖσα
509 2804 661 2882 ἱστοριῶν
677 2806 748 2882 περὶ
763 2809 820 2882 τῆς
834 2805 918 2882 πρὸς
932 2804 1082 2883 Αὔγαρον
1097 2804 1335 2884 ἀποσταλείσης
1350 2805 1429 2885 ἀχει-

213 2921 373 2997 ροποιήτου
397 2920 483 2996 θείας
508 2909 632 2997 εἰκόνος
652 2919 773 2997 Ἰησοῦ
796 2918 962 2997 Χριστοῦ
987 2923 1047 2983 τοῦ
1074 2919 1160 2983 Θεοῦ
1186 2920 1286 2998 ἡμῶν,
1309 2921 1358 2983 καὶ
1382 2921 1429 2997 ὡς

212 3030 236 3097 ἐξ
255 3033 414 3112 Ἐδέσσης
430 3035 640 3112 μετεκομίσθη
656 3035 739 3112 πρὸς
754 3036 812 3112 τήν
826 3035 1064 3112 πανευδαίμονα
1078 3036 1197 3114 ταύτην
1213 3037 1262 3099 καὶ
1282 3036 1430 3115 βασιλίδα

212 3152 266 3213 τῦν
279 3150 408 3214 πόλεων
424 3149 769 3214 Κωνσταντινούπολιν.
784 3171 818 3192 =
832 3149 859 3213 B
873 3150 902 3213 9.

360 3263 393 3318 Ιτι
407 3264 482 3319 edito
493 3265 597 3333 absquo
605 3265 684 3320 titulo
696 3264 761 3318 huic
773 3264 922 3318 narrationi
934 3264 1090 3333 adiungitur
1101 3282 1127 3320 n.
1138 3266 1177 3321 17.

245 3371 295 3428 17.
317 3363 588 3447 (9019959971.)
617 3365 695 3443 Περί
710 3370 767 3444 τής
783 3364 874 3442 ἁγίας
888 3367 938 3427 καὶ
952 3367 1176 3444 χειροποιήτου
1200 3367 1285 3443 θείας
1306 3366 1432 3443 είκόνος

212 3473 322 3556 Ἰησοῦ
348 3480 516 3559 Χριστοῦ
541 3485 600 3546 τοῦ
616 3481 769 3560 ἀληθινοῦ
786 3481 872 3545 Θεοῦ
884 3481 974 3561 ἡμῶν
990 3481 1081 3559 ὅπως
1102 3481 1228 3560 ἐτιμᾶτο
1244 3482 1278 3546 έν
1290 3481 1430 3565 Ἐδέσσῃ

211 3599 240 3675 τή
253 3596 339 3659 πόλει
352 3597 441 3674 παρὰ
454 3601 519 3660 τῶν
534 3596 568 3660 έν
583 3596 663 3680 αὐτῇ
681 3597 927 3661 κατοικούντων.
942 3629 974 3649 =
989 3597 1015 3660 B
1029 3597 1058 3661 9.

248 3710 1014 3794 18.(1·“ολ997’-9371.)Διήγησιςψυχοφελής
1043 3713 1114 3789 περὶ
1142 3716 1199 3791 τής
1227 3715 1287 3775 τοῦ
1319 3713 1431 3790 κυρίου

213 3823 291 3901 ήμῶν
316 3825 441 3905 Ἰησοῦ
463 3826 630 3905 Χριστοῦ
653 3828 754 3906 τιμίας
765 3829 815 3891 καὶ
830 3828 922 3906 ἁγίας
944 3828 1069 3906 εἰκόνος
1084 3832 1149 3892 τιῦν
1170 3827 1434 3907 Χαλκοπρατείων

214 3935 246 3999 δι’
265 3940 303 4018 ἣν
320 3938 420 4003 αἰτίαν
435 3939 550 4019 ἐκλήθη
573 3939 799 4019 ἀντιφωνητής
820 3943 954 4019 καὶπερὶ
970 3942 1148 4018 Θεοδώρου
1165 3942 1349 4020 ναυκλήρου
1373 3945 1432 4006 τοῦ

211 4034 372 4118 Βυζαντίου
388 4057 439 4117 καί
451 4054 615 4133 Ἀβραμίου
638 4059 698 4120 τοῦ
714 4055 874 4135 Ἑβραίου.
886 4077 920 4098 =
933 4056 960 4120 B
975 4057 1003 4120 3.

250 4183 301 4242 19.
322 4176 402 4261 (Fol.
417 4178 595 4262 9371-947.)
609 4180 768 4259 Διήγησις
790 4180 976 4259 παράδοξος
998 4182 1047 4244 καὶ
1069 4183 1261 4260 ψυχοφελής
1276 4182 1347 4259 περὶ
1369 4185 1434 4244 τῶν

214 4294 384 4368 γεγονότων
396 4294 570 4373 θαυμάτων
583 4296 670 4373 παρὰ
683 4301 741 4375 τῆς
755 4295 845 4374 ἁγίας
857 4298 908 4360 καὶ
924 4297 1102 4376 σεβασμίας
1125 4297 1250 4374 εἰκόνος
1264 4301 1321 4375 τῆς
1343 4297 1433 4359 Θεο-

215 4405 318 4472 τόκου
340 4413 398 4488 τῆς
410 4409 866 4490 έπονομαζομένηςῬωμαίας.

365 4524 419 4579 Ιοα.
437 4525 547 4580 Πολλοί
565 4528 721 4593 θυγατέρες
733 4527 870 4596 ἐποίησαν
882 4529 1008 4594 δύναμιν,
1025 4526 1125 4582 πολλαί
1136 4527 1293 4594 ἐκτήσαντο
1307 4528 1392 4581 δόξαν
1402 4554 1435 4565 -

315 4609 394 4678 ¹Des¹
416 4624 593 4691 ἀπρόσκοποι
615 4627 871 4695 διαφυλαχθείημεν
894 4629 925 4682 ἐκ
941 4630 1086 4682 παντοίων
1110 4631 1219 4681 κακῶν
1243 4627 1275 4680 σέ
1292 4627 1346 4692 γὰρ
1364 4627 1435 4692 πρός

336 4722 432 4778 Θεὸν...
445 4725 527 4793 ἀμήν.
