3284 5536
432 313 480 391 82
741 337 831 392 οισι..
858 337 939 392 m.
965 337 1079 392 Ριιτυε.
1100 359 1145 370 -
1171 339 1251 392 σου.
1279 337 1355 392 ιιω.

474 533 531 593 20.
553 527 631 611 (ίό).
647 527 833 610 192v-196v.)
844 527 961 606 Νικήτα
971 531 1031 592 τοῦ
1042 527 1265 607 Παφλαγόνος
1279 529 1437 606 ἐγκώμιον
1448 528 1493 606 είς
1504 528 1564 593 τὸν
1577 527 1642 604 ἁγι

433 647 482 708 καὶ
496 645 709 722 πανεύφημον
724 643 911 707 ἀπόστολον
932 644 1089 721 Μάρκον
1110 645 1168 707 τὸν
1183 643 1418 722 εῦαγγελιστήν.
1434 673 1468 693 =
1483 644 1510 708 B
1525 644 1557 708 3.

474 781 531 840 21.
553 776 632 858 (ίόί.
650 777 822 857 1962204.)
838 776 955 853 Νικήτα
969 780 1029 840 τοῦ
1044 776 1267 855 Παφλαγόνος
1278 777 1437 855 ἐγκώμιον
1449 778 1494 855 είς
1504 779 1565 841 τὸν
1577 799 1642 853 αγιι

433 894 483 955 καί
496 894 709 971 πανεῦφημαν
721 893 908 955 ἀπόστολον
921 896 969 955 καί
982 892 1209 970 εὐαγγελιστήν
1224 892 1403 971 Ἰωάννην
1424 895 1483 957 τὸν
1498 893 1636 970 θεολόγ

438 1039 468 1058 =
487 1007 514 1071 Β
529 1008 558 1071 7.

474 1128 531 1187 22.
551 1122 630 1205 (Fol.
646 1123 806 1205 204209.)
822 1123 938 1201 Νικήτα
952 1126 1012 1186 τοῦ
1027 1123 1249 1202 Παφλαγόνος
1263 1123 1421 1202 ἐγκώμιον
1440 1125 1485 1202 είς
1498 1127 1559 1189 τὸν
1573 1124 1642 1202 ἀγι

434 1241 483 1302 καὶ
496 1241 710 1317 πανεῦφημον
721 1238 908 1302 ἀπόστολον
929 1237 1103 1317 Ἰάκωβον
1124 1241 1182 1303 τὸν
1192 1243 1252 1303 τοῦ
1266 1239 1452 1317 Ζεβεδαίου.
1465 1264 1498 1287 =
1512 1240 1550 1305 Β.

475 1377 530 1436 23.
552 1372 590 1452 (F
590 1371 630 1435 ol.
643 1371 833 1452 209v-214v.)
842 1371 958 1449 Νικήτα
968 1375 1028 1434 τοῦ
1040 1371 1261 1450 Παφλαγόνος
1273 1373 1432 1450 ἐγκώμιον
1445 1374 1490 1451 είς
1499 1374 1560 1437 τόν
1570 1373 1641 1450 ἁγιι

434 1490 483 1551 καὶ
493 1490 708 1566 πανεῦφημον
723 1488 912 1551 ἀπόστολον
933 1488 1083 1565 Σίμωνα
1104 1488 1161 1551 τὸν
1176 1490 1330 1566 Ζηλωτήν.
1345 1509 1379 1530 =
1392 1487 1429 1553 B.

475 1627 532 1684 24.
555 1620 633 1703 (Fol.
648 1620 823 1703 Qua-219.)
839 1620 956 1698 Νικήτα
971 1623 1029 1683 τοῦ
1040 1619 1262 1699 Παφλαγόνος
1276 1621 1436 1699 ἐγκώμιον
1446 1621 1491 1699 είς
1505 1623 1563 1686 τὸν
1575 1622 1642 1699 ἅγι

433 1737 483 1798 καὶ
496 1736 710 1814 πανεῦφημον
725 1734 911 1798 ἀπόστολον
933 1734 1077 1798 Ἰοῦδαν
1097 1737 1155 1798 τὸν
1171 1738 1221 1798 καὶ
1236 1735 1407 1799 Θαδδαῖον.
1424 1759 1457 1780 =
1471 1735 1498 1799 B
1512 1736 1543 1800 2.

475 1874 532 1933 25.
553 1867 632 1949 (Fol.
648 1866 808 1946 219-224.)
824 1866 941 1944 Νικήτα
954 1869 1014 1930 τοῦ
1029 1866 1250 1946 Παφλαγόνος
1265 1868 1424 1946 ἐγκώμιον
1439 1869 1485 1946 είς
1499 1870 1557 1932 τὸν
1572 1868 1642 1945 άγι

434 1987 483 2048 καί
493 1985 707 2062 πανεύφημον
718 1981 904 2047 ἀπόστολον
926 1983 1227 2061 Βαρθολομαῖον.
1240 2015 1271 2035 =
1287 1983 1314 2048 B
1328 1985 1358 2048 5.

475 2123 533 2181 26.
555 2116 634 2198 (Fol.
656 2116 817 2198 224-230.)
848 2114 965 2194 Νικήτα
989 2119 1047 2179 τοῦ
1073 2115 1294 2194 Παφλαγόνος
1325 2105 1482 2195 ἐγκώμιον
1514 2117 1560 2194 εἰς
1587 2139 1628 2182 το

433 2231 546 2309 ἁγίους
562 2234 611 2294 καί
627 2231 829 2310 κορυφαίους
844 2230 1053 2309 ἀποστόλους
1073 2231 1223 2310 Πέτρον
1245 2234 1295 2295 καὶ
1315 2232 1480 2296 Παῦλον.
1492 2233 1606 2297 =B5.

475 2370 531 2428 27.
553 2363 631 2446 (Fol.
659 2363 833 2446 23w34v.)
859 2362 976 2442 Νικήτα
995 2367 1055 2427 τοῦ
1077 2363 1298 2442 Παφλαγόνος
1326 2365 1484 2444 ἐγκώμιον
1514 2366 1559 2444 είς
1589 2387 1629 2430 τυ

434 2480 545 2559 ἁγίους
561 2481 610 2543 καὶ
624 2481 859 2558 πανευφήμους
874 2480 1000 2542 δώδεκα
1014 2478 1231 2558 ἀποστόλους.
1251 2512 1284 2532 =
1303 2480 1389 2545 755³.

474 2619 531 2678 28.
554 2611 633 2695 (βο).
659 2611 851 2693 23422447.)
872 2611 988 2689 Νικήτα
1015 2615 1075 2676 τοῦ
1102 2613 1323 2692 Παφλαγόνος
1351 2614 1509 2690 ἐγκώμιον
1535 2614 1581 2692 είς
1608 2636 1626 2679 τ

433 2729 525 2806 ἅγιον
540 2727 806 2807 μεγαλομάρτυρα
820 2731 879 2791 τοῦ
894 2727 1032 2806 Χριστοῦ
1049 2730 1098 2790 καί
1114 2731 1202 2792 θεῖον
1222 2728 1454 2808 Προκόπιον.

599 2845 653 2897 lnc.
666 2844 695 2897 Εί
705 2859 746 2906 τις
758 2845 810 2896 τὸν
826 2845 996 2911 περιβόητον
1013 2844 1043 2897 ἐν
1055 2845 1230 2910 ἀθλοφόροις
1249 2846 1415 2911 Προκόπιον
1434 2873 1467 2884 -
1488 2845 1551 2899 Des.
1562 2846 1641 2900 ίνασ

565 2945 606 2997 ἔτι
618 2943 663 2996 καί
675 2943 873 3010 ἔτιπροκόπτη
886 2945 902 2995 δ
915 2944 1022 3010 καρπός
1035 2943 1073 3007 είς
1091 2944 1245 3011 καύχημα...
1259 2946 1342 3012 ἀμήν.
1385 2998 1390 3008 ,

474 3067 532 3125 29.
554 3060 804 3143 (1201242251.)
820 3059 937 3136 Νικήτα
951 3064 1010 3122 τοῦ
1026 3059 1248 3139 Παφλαγόνος
1268 3062 1426 3140 ἐγκώμιον
1442 3063 1486 3140 είς
1501 3063 1559 3126 τὸν
1572 3062 1640 3139 ἁγι·

435 3175 699 3255 μεγαλομάρτυρα
720 3174 929 3239 Ὑάκινθον.
945 3196 977 3219 =
992 3175 1029 3238 B.

476 3316 534 3374 30.
554 3307 633 3391 (Fol.
645 3306 817 3389 251-259v.)
833 3307 949 3385 Νικήτα
963 3311 1022 3371 τοῦ
1037 3307 1258 3387 Παφλαγόνος
1274 3309 1432 3387 ἐγκώμιον
1447 3308 1562 3386 εἰς’τὸν
1574 3310 1642 3387 ἅγι·

437 3424 702 3504 μεγαλομάρτυρα
722 3422 1024 3501 Παντελεήμονα.

601 3539 656 3592 lnc.
668 3539 838 3604 θαυμαστός
850 3540 866 3592 ὁ
879 3539 950 3603 Θεὸς
963 3540 1063 3603 ἐντοῖς
1081 3538 1170 3604 ἁγίοις
1192 3540 1280 3592 αὐτοῦ
1301 3572 1333 3580 -
1354 3540 1415 3594 Des.
1432 3540 1456 3593 ὠ
1472 3545 1525 3593 τοῦ
1543 3542 1642 3607 μεγάλ

569 3639 613 3693 καί
626 3641 760 3706 ἀληθινοῦ
773 3638 818 3693 καί
829 3640 947 3705 πρώτου
958 3640 1082 3706 φωτός...
1095 3639 1177 3706 ἁμήν.

479 3765 537 3822 31.
559 3755 844 3840 (2012522672)
863 3756 979 3834 Νικήτα
999 3759 1057 3819 τοῦ
1079 3755 1301 3834 Παφλαγόνος
1322 3757 1421 3834 λόγος
1443 3760 1642 3836 διηγηματικ

438 3877 509 3953 περὶ
524 3879 580 3952 τῆς
594 3872 763 3952 ἀθλήσεως
778 3876 827 3936 καὶ
841 3875 911 3951 περὶ
927 3877 982 3951 τῆς
1004 3872 1166 3950 εὑρέσεως
1189 3873 1237 3935 καὶ
1265 3871 1459 3951 ἀνακομιδῆς
1473 3877 1540 3937 τῶν
1561 3876 1634 3951 λειψ

439 4011 506 4055 νων
520 3994 580 4054 τοῦ
596 3989 688 4066 ἁγίου
704 3989 981 4067 πρωτομάρτυρος
997 3991 1046 4051 καὶ
1058 3988 1284 4066 ἀρχιδιακόνου
1307 3989 1519 4067 Στεφάνου.

605 4106 660 4158 lnc.
679 4103 710 4156 Ὁ
731 4106 826 4170 κύριος
838 4107 918 4172 ἡμῶν
927 4104 1033 4171 Ἰησοῦς
1049 4104 1168 4170 Χριστὸς
1181 4105 1197 4156 δ
1210 4103 1308 4170 σωτὴρ
1325 4105 1443 4158 πάντων
1454 4104 1627 4158 ἐλπιζόντων

573 4204 635 4258 Des.
647 4205 752 4256 τοῦτου
765 4206 816 4270 τῆς
828 4202 941 4270 μερίδος
950 4203 995 4256 καί
1006 4206 1057 4269 τῆς
1070 4203 1182 4268 Χάριτος
1195 4202 1240 4255 καλ
1249 4203 1425 4269 ἁγιότητος...
1440 4203 1521 4270 ἀμήν.

482 4326 540 4385 32.
561 4318 640 4403 (Fol.
655 4319 831 4401 267’-273.)
849 4319 965 4397 Νικήτα
978 4322 1038 4383 τοῦ
1050 4318 1272 4396 Παφλαγόνος
1285 4318 1443 4396 ἐγκώμιον
1454 4318 1500 4396 είς
1510 4319 1567 4382 τὸν
1579 4317 1642 4395 άγι

442 4438 491 4501 καὶ
505 4437 718 4514 πανειίφημον
733 4433 919 4499 ἀπόστολον
941 4434 1120 4498 Ματθίαν.
1139 4465 1172 4485 =
1190 4433 1217 4497 B
1234 4434 1261 4497 1.

483 4576 540 4634 33.
562 4567 640 4649 (Fol.
651 4566 827 4650 273282.)
843 4567 958 4645 Νικήτα
972 4571 1031 4631 τοῦ
1047 4566 1268 4645 Παφλαγόνος
1279 4566 1436 4644 ἐγκώμιον
1448 4566 1493 4644 είς
1507 4567 1565 4643 τήν
1577 4566 1642 4642 άγί

443 4684 706 4764 μεγαλομάρτυρα
719 4684 768 4746 καὶ
783 4684 944 4761 παρθένον
965 4682 1220 4747 Ἀναστασίαν.
1236 4703 1267 4725 =
1282 4681 1309 4746 B
1323 4683 1352 4746 2.
