3284 5536
516 349 608 402 οισι..
634 349 716 401 ινιτ.
742 349 856 402 Ριιιιιε.
878 370 926 382 -
952 351 1030 402 con.
1059 349 1133 404 ιιυα.
1374 332 1443 405 123

248 547 304 608 16.
326 538 612 623 (1011602182.)
637 539 712 618 Βίος
727 540 777 602 καί
792 540 933 604 πολιτεία
946 543 1006 604 τοῦ
1030 541 1113 620 άββά
1134 542 1290 621 Συμεὼν
1311 546 1371 607 τοῦ
1391 544 1443 608 διὰ

204 653 347 732 Χριστὸν
359 654 642 733 ἐπονομασθέντος
654 657 769 720 σαλοῦ.
781 677 813 700 =
828 655 864 719 B.
1319 657 1375 722 Iul.
1392 659 1442 724 31.

372 762 435 816 Des.
445 762 542 817 mutila
550 761 610 816 inii.
621 779 648 816 n.
660 763 700 816 60.

247 865 305 922 17.
327 858 408 941 (Fol.
428 859 688 942 1852001111113
702 862 835 924 sanctae
850 859 1044 942 Eupraxiae.
1299 862 1365 941 [Iul.
1381 865 1441 942 251

370 975 468 1029 Βίίίοιί
484 992 501 1029 α
518 975 547 1040 Β,
560 979 587 1029 et
599 975 693 1044 incipit
711 976 869 1044 acephalaa
881 975 990 1031 verbis:
1049 981 1101 1030 τοδ
1117 979 1244 1031 πλούτου
1259 978 1367 1033 ἐκείνου
1380 982 1441 1043 ταῖς

337 1077 481 1139 κοσμικαῖς
491 1075 634 1140 δεδεμένοι
645 1074 811 1142 φροντίδα,
822 1092 893 1144 quae
903 1076 1069 1144 respondent
1078 1092 1104 1129 n.
1113 1077 1131 1129 2
1140 1076 1218 1131 Vitae
1228 1077 1323 1133 editae.

248 1180 305 1239 18.
329 1174 409 1256 (iol.
424 1175 615 1255 mov-ion)
642 1175 717 1252 Βίας
739 1177 808 1253 ἢτοι
829 1176 970 1239 πολιτεία
991 1177 1040 1239 καί
1063 1179 1174 1254 πρᾶξις
1194 1181 1251 1255 τῆς
1275 1177 1369 1255 ὁσίας
1392 1181 1440 1242 καί

202 1290 362 1369 μακαρίας
383 1291 433 1354 καὶ
454 1291 575 1367 δικαίας
606 1289 862 1368 Ὀλυμπιάδος
894 1290 1046 1354 διακόνου
1073 1293 1247 1370 γεναμένης
1268 1297 1325 1371 τῆς
1347 1292 1440 1369 ἁγιω-

201 1403 303 1482 τάτης
319 1404 457 1483 μεγάλης
471 1404 640 1483 ἐκκλησίας
655 1404 1037 1485 Κωνσταντινουπόλεως.

372 1518 427 1574 Ιιια.
437 1517 468 1572 Ἠ
481 1520 531 1585 μὲν
543 1523 595 1572 τοῦ
608 1522 739 1586 σωτῆρος
749 1520 829 1584 ἡμιθν
840 1519 863 1574 Ἰ.
875 1520 904 1574 Χ.
918 1519 1042 1586 βασιλεία
1058 1522 1115 1587 πρὸ
1133 1526 1192 1575 τῶν
1204 1520 1318 1576 αίώνων
1330 1551 1363 1562 -
1375 1523 1438 1576 Des.

339 1619 370 1672 ἐκ
381 1622 433 1685 τῆς
442 1622 494 1672 τοδ
505 1619 638 1685 διαβόλου
649 1617 791 1684 ἐνεργείας
803 1618 835 1672 ἐκ
844 1619 872 1672 Χ.
886 1621 901 1672 Ι.

247 1724 304 1783 19.
328 1716 408 1800 (Fol.
423 1717 595 1799 ior-210.)
609 1716 676 1781 Τοῦ
700 1716 734 1780 ἐν
749 1717 851 1794 ἁγίοις
871 1717 994 1795 πατρὸς
1016 1718 1107 1796 ἡμῶν
1121 1716 1273 1782 Ἰωάννου
1301 1719 1439 1798 άρχιεπι-

201 1834 337 1898 σκόπου
364 1832 737 1911 Κωνσταντινουπὸλεως
760 1836 819 1896 τοῦ
844 1831 1082 1912 Χρυσοστόμου
1105 1833 1261 1911 ἐγκώμιον
1291 1835 1336 1912 είς
1362 1837 1440 1914 τοὺς

199 1948 320 2028 ἁγίους
342 1948 624 2027 Μακκαβαίους.
1313 1949 1396 2032 Aug.
1414 1951 1440 2014 1.

372 2056 421 2110 Ed.
435 2057 463 2110 P.
477 2057 518 2122 0.,
530 2054 623 2118 XLIX,
634 2054 734 2110 62126.

247 2160 307 2219 20.
331 2138 772 2237 (Γοί.210-211’.)Διήγησις
793 2158 850 2232 τῆς
869 2152 964 2231 ὁσίας
982 2154 1235 2234 θεοφιλεστάτης
1257 2156 1438 2236 ἡγουμένης

200 2270 342 2349 Σεργίας
357 2270 403 2348 είς
417 2272 476 2347 τήν
491 2270 586 2333 ὁσίαν
607 2268 845 2347 Ὀλυμπιάδα.

373 2385 429 2439 Ine.
446 2386 632 2452 Μικρομεριθς
651 2384 681 2438 ἐν
692 2385 796 2449 γνώσει
807 2384 970 2451 γενομένων
986 2387 1113 2454 ἡμῶν-
1126 2385 1188 2440 Βοε.
1202 2385 1263 2440 ἰδοὺ
1278 2387 1335 2452 ἐγὼ
1348 2385 1393 2440 καί
1405 2388 1441 2440 τά

337 2483 435 2538 παιδία
447 2485 465 2538 ά
477 2501 523 2550 μοι
533 2484 668 2548 δέδωκας,
677 2485 762 2550 κόριε.

246 2589 305 2647 21.
329 2583 408 2665 (Fol.
424 2582 682 2664 214’-216.)Ῐοῡ
706 2582 740 2646 ἐν
756 2583 857 2661 άγίοις
871 2584 994 2662 πατρὸς
1008 2584 1098 2663 ἡμῶν
1113 2583 1262 2648 Ἰωάννου
1277 2587 1337 2648 τοῦ
1359 2585 1439 2664 Χρυ-

202 2699 378 2777 σοστόμου
404 2698 561 2776 ἐγκώμιον
586 2699 632 2775 είς
653 2699 709 2762 τὸν
738 2697 831 2774 άγιον
857 2701 906 2762 καί
932 2700 1190 2780 πρωτομάρτυρα
1229 2702 1439 2780 Στέφανον.

207 2846 239 2865 -
262 2813 380 2878 117711.
1313 2817 1395 2900 Aug.
1410 2817 1439 2881 2.

246 2936 305 2994 22.
327 2929 409 3011 (Foi.
426 2929 601 3012 2161226.)
623 2930 697 3008 Βίος
720 2931 770 2993 καί
794 2930 934 2994 πολιτεία
952 2934 1011 2994 τοῦ
1041 2930 1075 2995 ἐν
1092 2931 1194 3009 ἁγίοις
1214 2933 1336 3012 πατρὸς
1351 2932 1440 3011 ἡμῶν

205 3046 404 3118 Ἰσαακίου,
420 3050 521 3123 μονῆς
535 3049 601 3109 τῶν
612 3045 786 3122 Δαλμάτου
801 3049 860 3110 τοῦ
873 3045 1087 3125 ὁμολογητοθ.
1100 3072 1131 3095 =
1146 3047 1182 3112 B.
1287 3048 1380 3131 [Aug.
1396 3050 1438 3127 21

246 3166 305 3225 23.
327 3159 407 3243 (Pol.
428 3159 617 3245 iiii-239⁹.)
643 3161 717 3239 Βίος
740 3163 789 3225 καὶ
810 3162 951 3225 πολιτεία
970 3166 1029 3226 τοῦ
1051 3163 1085 3226 ἐν
1101 3161 1338 3242 άγίοιςπατρός
1351 3165 1441 3242 ἡμῶν

203 3276 256 3339 καί
271 3275 518 3355 άρχιμανὸρίτου
540 3275 755 3353 Δαλμάτου.
1313 3279 1395 3361 Aug.
1411 3280 1439 3343 2.

371 3391 427 3447 Ιιια.
438 3390 468 3444 Ἠ
479 3390 541 3446 θεία
553 3393 631 3458 χάρις
643 3395 694 3458 της
707 3391 787 3457 ἁγίας
800 3391 845 3446 καί
859 3391 1016 3458 ὁμοουσίου
1029 3394 1150 3459 Τριάδος
1161 3423 1194 3433 -
1206 3394 1268 3450 Des.
1286 3398 1376 3459 τυχεῑς
1390 3399 1441 3461 τῆς

336 3507 369 3545 τε
381 3490 495 3557 μερίδος
507 3493 587 3556 ὑμῶν
599 3490 644 3544 καί
656 3492 784 3554 στάσεως
797 3491 869 3557 ἐντί]
882 3495 942 3544 τιθν
954 3492 1086 3558 οὐρανῶν
1100 3491 1250 3560 βασιλείᾳ...
1262 3494 1343 3560 άμήν.

247 3612 304 3672 24.
326 3606 679 3690 (σοι.139ι-115.)Τοῡ
707 3606 741 3670 ἐν
763 3606 865 3684 ἁγίοις
883 3608 1006 3685 πατρὸς
1027 3607 1117 3685 ἡμῶν
1138 3607 1288 3672 Ἰωάννου
1305 3609 1439 3687 ἀρχιεπι-

205 3722 335 3787 σιιὸπου
363 3721 735 3800 Κωνστανιινουπὸλεως
749 3725 809 3785 τοῦ
831 3722 1070 3800 Χρυσοστόμου
1094 3723 1193 3801 λόγος
1208 3724 1252 3802 είς
1271 3725 1329 3802 τήν
1352 3725 1439 3788 θείαν

203 3838 460 3919 μεταμόρφωσιν
474 3841 534 3903 τοῦ
550 3839 664 3917 κυρίου
680 3838 771 3917 ἡμῶν
782 3837 809 3902 Ἰ.
822 3838 854 3902 Χ.
1232 3840 1314 3923 Aug.
1329 3841 1349 3904 6
1365 3843 1397 3904 et
1408 3841 1438 3905 9.

370 3946 418 4000 Ed.
434 3947 460 4000 P.
476 3947 516 4010 0..
529 3944 609 4010 LVII,
621 3945 722 3999 549138.

247 4050 304 4111 25.
325 4043 406 4128 (Fol.
416 4044 577 4126 215-254.)
591 4043 737 4122 Ἀνδρέου
754 4043 931 4109 ἐπισκόπου
958 4045 1079 4125 Κρήτης
1101 4047 1200 4124 λόγος
1215 4047 1260 4124 είς
1274 4049 1332 4126 τὴν
1349 4066 1439 4125 μετα·

203 4161 381 4241 μόρφωσιν
392 4163 452 4225 τοῦ
464 4160 577 4239 κυρίου
590 4159 681 4237 ἡμῶν
695 4159 722 4224 Ἰ.
735 4159 768 4225 Χ.
1311 4162 1392 4246 Aug.
1408 4163 1437 4228 6.

370 4267 418 4322 m
429 4269 461 4322 P.
469 4270 510 4331 G„
522 4267 626 4333 XCVII,
638 4266 738 4322 93257.

246 4371 304 4431 26.
325 4365 405 4447 (iol.
418 4365 591 4449 254-264'.)
611 4366 678 4431 Τοῦ
695 4367 729 4431 ἐν
752 4367 855 4445 ἁγίοις
868 4368 991 4446 πατρὸς
1012 4367 1103 4446 ἡμῶν
1117 4367 1267 4434 Ἰωάννου
1294 4373 1436 4449 μοναχοῡ

205 4482 258 4545 καί
270 4481 495 4560 πρεσβυτέρου
510 4484 570 4545 τοῦ
585 4481 808 4561 Δαμασκηνοῦ
819 4482 918 4560 λόγος
930 4483 974 4561 εἰς
985 4485 1043 4561 τήν
1055 4483 1271 4563 ὑπερὲνδοξον
1283 4484 1436 4563 μεταμὸρ·

205 4611 317 4674 φωσιν
330 4598 392 4661 τοῦ
408 4596 521 4675 κυρίου
537 4596 628 4674 ἡμῶν
643 4595 670 4661 Ἰ.
686 4597 719 4662 Χ.
1310 4599 1393 4683 Aug.
1408 4600 1436 4664 ά.

371 4711 419 4765 Ed.
430 4713 461 4768 P.
472 4714 516 4778 0„
530 4711 621 4779 xcvi,
632 4712 732 4768 515-76.
