3284 5536
206 322 276 393 114
511 342 601 393 amu.
629 341 911 393 mu.1³ua1s.-
942 342 1020 394 οου.
1049 340 1126 394 uuo.

201 531 300 608 λόγου
331 533 375 610 είς
406 533 462 596 τὸν
491 531 582 608 ἅγιον
619 531 824 610 Γρηγόριον
851 532 1037 597 ἐπίσκοπον.
1057 532 1168 610 Νύσης
1200 531 1347 611 ἀδελφὸν
1376 536 1434 596 τοῦ

202 648 340 724 μεγάλου
358 649 536 711 Βασιλείου.
551 683 584 702 =
598 647 696 711 51312.
1305 648 1372 712 Ian.
1390 649 1437 712 10.

247 771 301 827 14.
323 764 401 844 (Ful.
420 765 663 844 160171101ος
678 766 727 826 καὶ
738 764 878 827 πολιτεία
893 768 951 827 τού
968 764 1065 827 ὁσίου
1078 766 1200 843 πατρὸς
1215 765 1306 843 ἡμῶν
1333 765 1436 842 Μαρ-

206 884 335 943 κιανοῡ
352 882 575 958 πρεσβυτέρου
589 882 638 942 καὶ
661 879 834 956 οἰκονόμου
850 879 1024 957 γεγονότος
1036 885 1092 957 τῆς
1104 881 1241 958 μεγάλης
1257 881 1438 958 ἐκκλησίας.

204 1025 242 1045 =
257 993 356 1057 51318.
1306 995 1374 1060 Ian.
1393 997 1439 1059 10.

246 1116 300 1174 15.
322 1108 401 1191 (Ful.
418 1109 588 1192 1722210.)
600 1109 673 1185 Βίας
689 1111 737 1171 καί
749 1110 889 1172 πολιτεία
904 1113 962 1172 τοῦ
979 1108 1075 1172 ὁσίου
1092 1112 1214 1189 πατρὸς
1233 1111 1325 1189 ἡμῶν
1345 1110 1437 1174 Θεο-

203 1227 339 1289 δοσίου
363 1229 421 1288 τοῦ
437 1225 671 1303 κοινοβιάρχου.
684 1223 755 1287 --Β
773 1226 799 1287 1.
1306 1227 1373 1291 lan.
1391 1227 1439 1290 11.

246 1347 300 1405 10.
322 1339 916 1423 (1010101191Ἀ91ησιςτῆςᾱγῑας
939 1341 1223 1419 μεγαλομὰρτυρος
1245 1342 1439 1419 Τατιανῆς

201 1463 258 1535 τῆς
273 1456 442 1534 Ῥωμαίας.
1304 1457 1372 1521 lan.
1391 1458 1439 1522 12.

367 1575 420 1627 luc.
442 1574 644 1636 Βασιλεύοντος
661 1574 691 1627 ἐν
708 1579 742 1639 τῇ
760 1573 1048 1643 μεγαλοπόλειῬόιμη
1066 1575 1138 1627 κατὰ
1159 1575 1233 1627 ecoe
1254 1575 1440 1641 συγχώρησιν

331 1672 535 1738 Ἀλεξάνδρου...
547 1701 580 1710 -
597 1673 657 1727 Des.
670 1673 761 1739 ψυχάς
780 1673 848 1727 ὡσεί
859 1673 990 1736 δισχιλίας
1003 1672 1179 1740 τριακοσίας·
1192 1674 1346 1740 ἐτελειώθη
1360 1674 1392 1727 δέ
1403 1675 1439 1726 τά

332 1770 487 1835 μαρτύριον
499 1772 549 1835 τῆς
561 1771 790 1837 γενναιοτάτης...
803 1771 885 1837 ἀμήν.

245 1875 298 1931 17.
320 1868 399 1949 (Ful.
423 1868 749 1949 ule-uldu'uelnmg
773 1869 836 1946 μετ’
863 1870 1022 1948 ἐγκωμίου
1048 1873 1114 1933 τῶν
1136 1868 1237 1946 ἁγίων
1262 1870 1441 1948 μαρτύρων

200 1981 385 2061 Ἑρμύλου
410 1987 458 2046 καὶ
470 1986 696 2062 Στρατονίκου.
1306 1985 1374 2049 lan.
1388 1986 1438 2050 13.

363 2101 416 2153 luc.
429 2100 545 2164 Λικίνιος
559 2103 695 2166 ὁλυμεών
708 2102 779 2168 ἀνὴρ
793 2101 920 2167 αἱμάτων
937 2102 982 2156 καί
995 2103 1088 2166 δόλιος
1100 2131 1133 2140 -
1144 2103 1206 2156 Des.
1220 2103 1290 2166 μετὰ
1302 2107 1439 2168 χρηστῶν

332 2205 391 2253 τῶν
404 2199 524 2253 ἐλπίδων
535 2201 607 2267 πρὸς
616 2203 666 2264 τὰς
679 2201 767 2255 ἐκεῖσε
780 2203 911 2269 σκηνὰς...
925 2202 1007 2268 ἀμήν.

244 2304 297 2362 18.
322 2297 400 2380 (Ful.
415 2299 590 2382 ulai-980.)
605 2300 671 2363 Τού
695 2300 791 2364 ὁσίου
812 2303 934 2378 πατρὸς
955 2303 1045 2393 ἡμῶν
1069 2301 1182 2364 Νείλου
1203 2302 1435 2378 πρεσβυτέρου

200 2416 249 2478 καὶ
273 2413 470 2492 μονάζοντος
484 2415 528 2492 είς
544 2418 600 2494 την
615 2415 777 2493 ἀναίρεσιν
793 2422 858 2480 τῶν
874 2417 908 2480 ἐν
930 2423 976 2500 τῷ
999 2417 1145 2499 Σιναίῳ
1176 2415 1242 2494 όρει
1258 2415 1443 2494 ἀναιρεθέν-

200 2551 266 2595 των
282 2531 384 2596 ὁσίων
406 2533 587 2609 πατέρων.
603 2557 636 2576 =
651 2533 689 2596 B.
1301 2533 1369 2597 Ian.
1387 2534 1439 2597 14.

242 2654 296 2712 10.
319 2647 820 2731 (Fol.280287.)‘in0uvf1ucm
845 2653 903 2712 τοῦ
930 2650 1000 2726 βίου
1029 2651 1077 2712 καὶ
1104 2655 1161 2727 τῆς
1185 2649 1350 2726 πολιτείας·
1371 2653 1434 2712 τού

199 2763 294 2826 ὁσίου
310 2765 432 2842 πατρὸς
447 2767 536 2841 ημών
559 2763 732 2828 Ἰωάννου
755 2769 814 2828 τού
831 2766 882 2828 διὰ
896 2767 953 2828 τὸν
967 2765 1104 2842 Χριστὸν
1122 2767 1252 2843 πτωχοῦ
1274 2768 1323 2827 καί
1340 2768 1437 2828 καλυ·

201 2880 300 2958 βίτου.
1302 2880 1368 2944 Iau.
1388 2881 1441 2944 15.

363 2993 467 3046 incoli
480 2994 515 3045 τά
524 2997 583 3046 τῶν
595 2996 747 3059 μαρτύρων
760 2994 832 3046 άθλα
844 2994 890 3046 καί
902 2994 1006 3058 αἵματα
1017 2994 1129 3058 μόνον...
1140 3024 1171 3034 -
1181 2993 1242 3046 Des.
1253 2993 1311 3047 ἀλλ’
1321 2995 1337 3046 ὁ
1346 2997 1437 3047 πολυ-

329 3093 443 3158 τρόπως
456 3093 578 3158 τὴντῶν
590 3093 750 3158 ἀνθρώπων
764 3092 909 3160 σωτηρίαν
921 3094 1219 3159 πραγματευόμενος...
1232 3093 1318 3159 ἁμήν.

240 3195 297 3254 20.
320 3190 398 3269 (Ful.
414 3191 589 3273 uui-uela)
600 3190 704 3269 Λόγος
716 3192 986 3270 ἐγκωίμιαστικὸς]
1002 3193 1046 3268 είς
1061 3194 1118 3269 τήν
1132 3192 1359 3270 προσκύνησιν
1372 3198 1433 3270 τῆς

199 3306 298 3382 τιμίας
310 3305 457 3383 ἁλύσεως
472 3310 530 3369 τοῦ
546 3305 637 3383 ἁγίου
655 3305 841 3370 ἀποστόλου
864 3307 1026 3385 Πέτρου.
1295 3306 1363 3371 Ian.
1384 3307 1434 3372 15.

365 3422 418 3474 luc.
428 3421 474 3485 Ὡς
486 3424 591 3488 τερπνὴ
604 3427 662 3475 τῶν
680 3424 800 3487 Χριστοῦ
813 3422 979 3488 θαυμασίων
992 3425 1008 3488 ἡ
1021 3422 1200 3487 ἀπαγγελία...
1212 3450 1245 3461 ·-
1256 3422 1318 3475 Des.
1330 3422 1376 3476 καί
1389 3427 1432 3492 τῷ

331 3521 476 3588 μαρτυρίῳ
488 3526 538 3587 τῆς
548 3523 737 3588 συνειδήσεως
750 3524 788 3585 ὡς
802 3524 944 3589 ἐφικτὸν...
957 3523 1039 3587 ἁμήν.

756 3816 889 3888 11151).

237 4016 309 4071 Olim
321 4015 462 4068 cardinalis
473 4013 575 4066 Nicolai
589 4012 697 4074 Ridolfi,
712 4015 721 4036 “
734 4014 788 4065 mu
799 4014 907 4080 quintae
918 4014 1048 4079 decimae,
1060 4057 1070 4080 ,
1083 4031 1132 4069 seu
1143 4017 1153 4040 ‘
1168 4019 1218 4081 τῆς
1231 4019 1256 4080 ιβ
1276 4019 1397 4081 κιβῶτος
1415 4058 1438 4080 ,,

201 4121 297 4191 postea
309 4115 472 4168 Catharinae
487 4114 520 4166 de
533 4113 649 4175 Medicis,
658 4111 756 4164 deinde
770 4112 868 4178 Regius
877 4129 928 4175 cvi,
940 4115 995 4169 106.
1004 4114 1082 4167 0009.

238 4213 376 4268 Foliorum
387 4215 444 4278 310,
455 4214 550 4277 0³¹‚3u0
562 4220 587 4270 ><
598 4212 699 4274 umuli),
709 4211 779 4264 binis
791 4212 933 4269 columnis.
946 4219 1075 4266 exaratus
1089 4229 1159 4266 saec.
1174 4212 1219 4267 Xl.

239 4313 379 4367 Praefixus
401 4313 457 4379 (iol.
480 4312 578 4375 A'·B')‚
599 4311 678 4364 index
700 4311 826 4373 vitarum,
843 4311 941 4364 unciali
962 4313 1118 4366 charactere
1132 4312 1248 4366 minori:
1270 4312 1361 4368 Πίναξ
1385 4315 1438 4368 σύν

207 4415 270 4481 θεῷ
283 4415 370 4480 μηνός
383 4411 585 4479 φεβρουαρίου.

239 4512 315 4567 l'olie
336 4512 408 4565 1018
421 4527 454 4564 ex
473 4511 525 4563 alio
538 4510 631 4562 codice
651 4510 795 4576 desumpta
811 4511 932 4564 sacilli
945 4511 1032 4564 indice
1052 4511 1175 4565 Vilerum
1188 4516 1297 4566 constat
1316 4514 1440 4570 codicem

207 4613 333 4666 mutilum
343 4627 409 4664 esse.
416 4611 519 4663 Desunt
528 4609 657 4662 homiliae
666 4610 809 4677 quaedam,
819 4614 846 4662 et
855 4610 985 4678 martyria
996 4610 1041 4664 SS.
1053 4611 1196 4678 Nicephori
1205 4616 1233 4665 el
1241 4612 1333 4666 Blasii.
1343 4613 1444 4668 Homi-

207 4711 256 4766 lias
267 4709 301 4764 de
313 4715 437 4778 tempore
449 4725 505 4762 uon
517 4708 715 4763 recensuimus.
