3284 5536
392 343 1435 429 ommmaemmmffl.ffl

754 683 890 757 2408:

232 910 305 965 Olim
317 911 459 964 cardinalis
472 911 573 965 Nicolai
593 911 692 964 Ridolfi
708 915 718 935 “
734 924 764 965 n⁰
776 913 809 965 34
820 917 934 980 quartae
946 913 1070 966 decimae
1083 955 1103 977 „,
1117 918 1212 980 postea
1225 914 1389 969 catharinae
1402 915 1436 967 de

201 1009 319 1072 Medicis,
332 1009 428 1063 deinde
439 1009 539 1077 Regius
551 1023 696 1073 αισιοιιινιι,
708 1011 773 1064 1708
783 1015 809 1064 et
820 1011 894 1064 ital.

234 1108 408 1172 chartaceus,
419 1109 547 1162 foliorum
556 1109 715 1173 achonem
727 1118 752 1167 ><
766 1111 870 1174 balth,
883 1110 962 1164 lineis
970 1111 1067 1178 plenis,
1079 1117 1207 1165 exaratus
1219 1129 1289 1166 saec.
1302 1111 1371 1165 lllll.

233 1207 325 1261 codex
347 1208 547 1273 miscellaneus,
564 1209 708 1263 continens
730 1209 867 1276 quaedam
891 1211 1044 1276 fragmenta
1070 1211 1291 1279 hagiographiae,
1314 1217 1341 1264 et
1370 1213 1438 1264 haec

199 1300 310 1372 quidem
324 1305 493 1369 brevissima,
503 1321 621 1372 quomm
640 1305 735 1358 titulos
747 1305 839 1372 accipe
854 1325 860 1358 :
881 1305 938 1369 (iol.
955 1305 1005 1359 9¹23
1017 1306 1089 1372 223¹)
1102 1305 1172 1372 Περὶ
1185 1311 1235 1373 τῆς
1248 1307 1374 1373 ἱστορίας
1387 1311 1438 1374 τῆς

199 1403 353 1468 ὑπεραγίας
367 1404 516 1471 δεσποίνης
529 1406 609 1470 ἡμῶν
627 1405 812 1467 Θεοτόκου,
829 1405 871 1457 ed.
884 1404 1056 1467 Βοιαοουιυπ,
1070 1407 1207 1459 Anecdoto
1217 1424 1325 1473 ριιιιου,
1339 1407 1384 1471 lh,
1395 1407 1429 1460 39
1512 1412 1515 1416 “

203 1529 232 1540 -
245 1502 314 1566 (Fol.
333 1503 404 1566 mv)
415 1503 478 1570 μηνὶ
491 1503 605 1571 ίουλλίψ
617 1504 634 1570 ἡ
648 1495 775 1569 κὀίμησις
788 1507 837 1569 τῆς
860 1503 940 1567 ἁγίας
957 1502 1073 1571 Ἀννης
1092 1506 1199 1570 μητρὸς
1218 1508 1269 1571 τῆς
1283 1505 1437 1571 Θεοτόκου,

200 1602 309 1669 -(F0l.
321 1602 392 1670 Μ)
412 1605 536 1667 Διάλεξις
563 1607 614 1670 τῆς
627 1604 707 1667 ἁγίας
728 1605 872 1670 μάρτυρος
890 1602 1073 1669 Αίκατερίνης
1086 1605 1158 1670 πρὸς
1182 1607 1233 1657 τὸν
1246 1606 1438 1670 ἀσεβέστατον

199 1703 314 1769 βασιλέα
324 1703 488 1767 Μαξὲντιον,
505 1706 610 1766 μᾶλλον
623 1704 654 1756 δὲ
665 1704 736 1769 πρός
757 1703 825 1766 τοὺς
846 1703 935 1755 αὑτοῦ
949 1703 1082 1769 ῥήτορας.
1093 1732 1125 1741 -
1134 1703 1202 1770 (l'ol.
1213 1704 1285 1771 aab)
1297 1704 1389 1765 Στίχοι
1399 1703 1437 1768 είς

199 1804 251 1854 τόν
265 1803 346 1866 άγιον
359 1803 514 1868 Γρηγόριον
526 1787 578 1855 τόν
591 1803 737 1866 Θεολόγον.

755 2115 891 2190 2500.

233 2344 307 2400 Olim
317 2361 349 2398 ex
359 2345 526 2399 bibliotheca
536 2344 648 2400 Trichet
660 2347 800 2407 Dulresne,
813 2347 874 2400 dein
888 2345 988 2413 Regius
1000 2346 1075 2399 3210.

233 2445 410 2510 chartaceus,
431 2445 560 2499 loliorum
583 2447 642 2511 418,
670 2447 765 2510 0¹¹·‚cca'i
780 2446 920 2510 ><o=·,130,
944 2451 1071 2498 exaratus
1095 2461 1166 2499 saec.
1190 2443 1246 2512 XV,
1276 2462 1292 2497 a
1323 2445 1438 2512 Georgia

203 2546 337 2612 Agapetd
352 2544 375 2597 si
394 2545 462 2597 tides
481 2545 518 2598 sit
534 2545 725 2612 subscriptioni
741 2562 811 2613 quae
831 2545 927 2612 legitur
947 2545 1018 2598 loll
1033 2544 1105 2609 εέγώ
1127 2545 1265 2611 Γεώργιος
1285 2544 1438 2610 Ἀγαπητός

198 2645 315 2710 γράψας
328 2644 417 2697 αὐτοῦ
430 2646 481 2696 τόν
494 2643 605 2710 βίβλων.

244 2815 274 2871 1.
298 2807 377 2890 (Fol.
406 2793 595 2892 hic-hili.)
620 2809 699 2887 Περί
724 2813 782 2872 τοῦ
810 2811 1041 2887 βαπτισθέντος
1070 2809 1220 2888 Ἑβραίου
1247 2813 1353 2886 θαῦμα
1380 2813 1438 2887 τῆς

200 2923 375 3002 ὑπεραγίας
396 2925 600 2998 Θεοτόκου,
624 2926 642 3002 ἢ
665 2925 823 3002 ἐφύλαξεν
842 2924 940 2989 αὐτὸν
968 2925 1001 2988 ἐκ
1016 2928 1074 2988 τοῦ
1087 2928 1228 3002 λουτροῦ
1244 2925 1282 2988 ὃν
1297 2924 1436 3002 ἔρριψαν

200 3037 280 3103 αιίτὸ
296 3039 326 3103 οἱ
340 3043 448 3118 γονεῖς
459 3040 560 3104 αὐτοῦ
575 3043 635 3103 τοῦ
653 3041 763 3104 καίναι.

364 3157 418 3210 lnc.
425 3157 552 3225 Ἰωάννης
564 3158 694 3221 διάκονος
704 3157 861 3224 διηγήσατό
873 3173 926 3220 μοι.
936 3158 1033 3210 --Des¹
1044 3158 1174 3222 ἔγνωσαν
1184 3157 1236 3210 οὖν
1247 3156 1274 3210 ol
1283 3158 1437 3220 ἀκούοντες

330 3257 384 3323 τὴν
396 3256 550 3322 ὑπεραγίαν
562 3258 730 3310 Θεοτόκον..,
743 3257 775 3323 ἢς
785 3259 845 3319 ταῖς
858 3257 989 3321 μεγάλαις
998 3255 1184 3322 πρεσβείαις...
1197 3262 1289 3309 σῶσαι
1298 3258 1378 3322 ἡμᾶς,

241 3359 274 3417 2.
296 3354 374 3436 (Fol.
386 3357 562 3440 ccc-cccl.)
573 3358 640 3421 Τοῦ
656 3358 690 3420 ἐν
706 3357 808 3433 ἁγίοις
823 3357 946 3432 πατρὸς
959 3357 1049 3433 ἡμῶν
1060 3356 1228 3434 Σοφονίου
1244 3355 1312 3437 (cic)
1327 3376 1434 3432 πατρι-

167 3470 176 3490 ’
199 3469 302 3548 άρχου
317 3469 552 3551 Ἱεροσολύμων
562 3473 661 3550 λόγος
676 3473 720 3549 είς
736 3475 792 3550 τήν
805 3471 902 3535 ὁσίαν
926 3471 1071 3548 Μαρίαν
1094 3473 1151 3548 τήν
1166 3471 1391 3546 Αίγυπτίαν.-·-
1402 3470 1438 3534 Β.

754 3799 892 3874 2629.

234 4036 307 4118 Olim
315 4052 349 4090 ex
361 4035 528 4089 bibliotheca
536 4033 648 4086 Trichet
658 4031 798 4094 Dulreene
810 4030 872 4082 dein
886 4028 986 4096 Regius
1004 4029 1075 4082 1853.

235 4137 373 4190 l'ohorum
396 4135 450 4197 182,
475 4133 576 4197 0¹¹¹,375
592 4140 617 4189 Χ
631 4131 734 4196 heleb,
750 4129 828 4183 lineis
846 4128 941 4196 plenis,
955 4132 1084 4181 exaratus
1108 4143 1170 4179 saec
1195 4124 1263 4189 XVI,
1280 4141 1297 4177 a
1317 4125 1441 4179 iohanne

202 4236 380 4290 Nathanaelc.

234 4335 326 4389 Codex
339 4334 529 4388 miscellaneus
538 4333 566 4386 in
577 4348 632 4400 quo
644 4330 787 4400 sequentia
797 4334 905 4383 tantum
919 4327 1129 4396 hagiographica
1145 4331 1210 4380 sunt
1223 4345 1229 4380 :

247 4500 276 4556 1.
299 4491 378 4575 (rot
395 4491 553 4572 147-154.)
565 4491 632 4553 Τοῡ
649 4488 849 4568 σοφωτάτου
864 4489 913 4549 καὶ
928 4485 1128 4564 λογιωτάτου
1140 4484 1338 4562 πατριάρχου
1357 4483 1440 4546 Κων-

204 4609 504 4684 σταντινουπόλεως
529 4609 588 4670 τοῦ
612 4605 753 4683 Κυπρίου
780 4605 878 4680 λόγος
903 4602 947 4679 είς
973 4602 1030 4664 τὸν
1056 4601 1147 4676 όίγιον
1177 4599 1442 4679 μεγαλομάρτυρα

203 4725 450 4806 τροπαιοφόρον
472 4725 665 4802 Γεώργιον.
677 4720 746 4784 =B
761 4720 791 4785 8.
