<?xml version="1.0" encoding="UTF-8"?>
<!DOCTYPE html PUBLIC "-//W3C//DTD XHTML 1.0 Transitional//EN"
    "http://www.w3.org/TR/xhtml1/DTD/xhtml1-transitional.dtd">
<html xmlns="http://www.w3.org/1999/xhtml" xml:lang="en" lang="en">
 <head>
  <title>
</title>
<meta http-equiv="Content-Type" content="text/html;charset=utf-8" />
  <meta name='ocr-system' content='tesseract 3.04.00' />
  <meta name='ocr-capabilities' content='ocr_page ocr_carea ocr_par ocr_line ocrx_word'/>
</head>
<body>
  <div class='ocr_page' id='page_1' title='image "./cataloguscodicu00bollgoog_0092.png"; bbox 0 0 3284 5536; ppageno 0'>
   <div class='ocr_carea' id='block_1_1' title="bbox 423 379 1345 454">
    <p class='ocr_par' dir='ltr' id='par_1_1' title="bbox 423 379 1345 454">
     <span class='ocr_line' id='line_1_1' title="bbox 423 379 1345 454; baseline -0.003 0"><span class='ocrx_word' id='word_1_1' title='bbox 423 402 514 454; x_wconf 71' lang='grc' dir='ltr'>κιαι.</span> <span class='ocrx_word' id='word_1_2' title='bbox 541 402 623 454; x_wconf 80' lang='grc' dir='ltr'>υλτ.</span> <span class='ocrx_word' id='word_1_3' title='bbox 648 402 762 454; x_wconf 69' lang='lat' dir='ltr'>mus,</span> <span class='ocrx_word' id='word_1_4' title='bbox 781 421 829 432; x_wconf 91' lang='lat'>-</span> <span class='ocrx_word' id='word_1_5' title='bbox 855 401 934 453; x_wconf 87' lang='grc' dir='ltr'>οου.</span> <span class='ocrx_word' id='word_1_6' title='bbox 961 400 1036 452; x_wconf 85' lang='grc' dir='ltr'>ιιιτ.</span> <span class='ocrx_word' id='word_1_7' title='bbox 1299 379 1345 451; x_wconf 86' lang='grc'>75</span> 
     </span>
    </p>
   </div>
   <div class='ocr_carea' id='block_1_2' title="bbox 108 569 1345 1831">
    <p class='ocr_par' dir='ltr' id='par_1_2' title="bbox 110 569 1345 1120">
     <span class='ocr_line' id='line_1_2' title="bbox 154 569 1345 676; baseline -0.003 -18"><span class='ocrx_word' id='word_1_8' title='bbox 154 602 186 658; x_wconf 82' lang='grc'><strong>7.</strong></span> <span class='ocrx_word' id='word_1_9' title='bbox 209 593 290 676; x_wconf 84' lang='lat' dir='ltr'><strong>(Fol.</strong></span> <span class='ocrx_word' id='word_1_10' title='bbox 314 569 486 674; x_wconf 60' lang='grc'><strong>858868.)</strong></span> <span class='ocrx_word' id='word_1_11' title='bbox 511 593 753 657; x_wconf 86' lang='grc' dir='ltr'>Κωνσταντίνου</span> <span class='ocrx_word' id='word_1_12' title='bbox 781 592 815 656; x_wconf 88' lang='grc' dir='ltr'>ἐν</span> <span class='ocrx_word' id='word_1_13' title='bbox 844 591 969 674; x_wconf 85' lang='grc' dir='ltr'>Χριστῷ</span> <span class='ocrx_word' id='word_1_14' title='bbox 1000 591 1158 670; x_wconf 80' lang='grc' dir='ltr'>βασιλέως</span> <span class='ocrx_word' id='word_1_15' title='bbox 1180 589 1345 668; x_wconf 87' lang='grc' dir='ltr'>Ῥωμαίων</span> 
     </span>
     <span class='ocr_line' id='line_1_3' title="bbox 113 705 1345 788; baseline -0.004 -15"><span class='ocrx_word' id='word_1_16' title='bbox 113 711 261 788; x_wconf 79' lang='grc' dir='ltr'>διήγησις</span> <span class='ocrx_word' id='word_1_17' title='bbox 276 709 339 772; x_wconf 88' lang='grc' dir='ltr'>άπὸ</span> <span class='ocrx_word' id='word_1_18' title='bbox 357 713 527 787; x_wconf 89' lang='grc' dir='ltr'>διαφόρων</span> <span class='ocrx_word' id='word_1_19' title='bbox 540 708 752 787; x_wconf 88' lang='grc' dir='ltr'>ἀθροισθεῖσα</span> <span class='ocrx_word' id='word_1_20' title='bbox 767 707 921 786; x_wconf 79' lang='grc' dir='ltr'>ἱστοριῶν</span> <span class='ocrx_word' id='word_1_21' title='bbox 935 708 1006 785; x_wconf 89' lang='grc' dir='ltr'>περὶ</span> <span class='ocrx_word' id='word_1_22' title='bbox 1020 712 1077 785; x_wconf 87' lang='grc' dir='ltr'>τῆς</span> <span class='ocrx_word' id='word_1_23' title='bbox 1091 706 1175 783; x_wconf 92' lang='grc' dir='ltr'>πρὸς</span> <span class='ocrx_word' id='word_1_24' title='bbox 1195 705 1345 784; x_wconf 88' lang='grc' dir='ltr'>Αῦγαρον</span> 
     </span>
     <span class='ocr_line' id='line_1_4' title="bbox 113 821 1344 903; baseline -0.002 -16"><span class='ocrx_word' id='word_1_25' title='bbox 113 826 354 903; x_wconf 82' lang='grc' dir='ltr'>ἀποσταλείσης</span> <span class='ocrx_word' id='word_1_26' title='bbox 375 824 619 903; x_wconf 91' lang='grc' dir='ltr'>ἀχειροποιήτου</span> <span class='ocrx_word' id='word_1_27' title='bbox 636 825 722 901; x_wconf 84' lang='grc' dir='ltr'>θείας</span> <span class='ocrx_word' id='word_1_28' title='bbox 744 824 868 900; x_wconf 84' lang='grc' dir='ltr'>εἰκόνος</span> <span class='ocrx_word' id='word_1_29' title='bbox 891 823 1055 900; x_wconf 82' lang='grc' dir='ltr'>Χριστοῦ</span> <span class='ocrx_word' id='word_1_30' title='bbox 1079 826 1137 885; x_wconf 91' lang='grc' dir='ltr'>τοῦ</span> <span class='ocrx_word' id='word_1_31' title='bbox 1154 821 1238 884; x_wconf 86' lang='grc' dir='ltr'>Θεοῦ</span> <span class='ocrx_word' id='word_1_32' title='bbox 1255 823 1344 899; x_wconf 83' lang='grc' dir='ltr'>ἡμῶν</span> 
     </span>
     <span class='ocr_line' id='line_1_5' title="bbox 112 939 1343 1019; baseline -0.001 -16"><span class='ocrx_word' id='word_1_33' title='bbox 112 944 162 1004; x_wconf 93' lang='grc' dir='ltr'>καὶ</span> <span class='ocrx_word' id='word_1_34' title='bbox 175 943 222 1018; x_wconf 84' lang='grc' dir='ltr'>ὡς</span> <span class='ocrx_word' id='word_1_35' title='bbox 236 942 269 1006; x_wconf 82' lang='grc' dir='ltr'>ἐξ</span> <span class='ocrx_word' id='word_1_36' title='bbox 281 941 420 1019; x_wconf 83' lang='grc' dir='ltr'>Αίδὲσης</span> <span class='ocrx_word' id='word_1_37' title='bbox 434 941 642 1018; x_wconf 83' lang='grc' dir='ltr'>μετεκομίσθη</span> <span class='ocrx_word' id='word_1_38' title='bbox 655 941 738 1017; x_wconf 90' lang='grc' dir='ltr'>πρὸς</span> <span class='ocrx_word' id='word_1_39' title='bbox 748 942 805 1016; x_wconf 91' lang='grc' dir='ltr'>τήν</span> <span class='ocrx_word' id='word_1_40' title='bbox 816 940 1053 1017; x_wconf 86' lang='grc' dir='ltr'>πανευδαίμονα</span> <span class='ocrx_word' id='word_1_41' title='bbox 1064 939 1182 1016; x_wconf 86' lang='grc' dir='ltr'>ταύτην</span> <span class='ocrx_word' id='word_1_42' title='bbox 1195 939 1244 1000; x_wconf 89' lang='grc' dir='ltr'>καί</span> <span class='ocrx_word' id='word_1_43' title='bbox 1257 941 1343 1015; x_wconf 85' lang='grc' dir='ltr'>βασι-</span> 
     </span>
     <span class='ocr_line' id='line_1_6' title="bbox 110 1055 895 1120; baseline -0.004 0"><span class='ocrx_word' id='word_1_44' title='bbox 110 1058 182 1120; x_wconf 89' lang='grc' dir='ltr'>λίδα</span> <span class='ocrx_word' id='word_1_45' title='bbox 196 1061 262 1120; x_wconf 82' lang='grc' dir='ltr'>τῶν</span> <span class='ocrx_word' id='word_1_46' title='bbox 277 1057 406 1120; x_wconf 82' lang='grc' dir='ltr'>πόλεων</span> <span class='ocrx_word' id='word_1_47' title='bbox 421 1056 766 1119; x_wconf 89' lang='grc' dir='ltr'>Κωνσταντινοῦπολιν.</span> <span class='ocrx_word' id='word_1_48' title='bbox 781 1055 851 1118; x_wconf 89' lang='grc' dir='ltr'>·--Β</span> <span class='ocrx_word' id='word_1_49' title='bbox 866 1057 895 1118; x_wconf 70' lang='grc'><strong>8.</strong></span> 
     </span>
    </p>

    <p class='ocr_par' dir='ltr' id='par_1_3' title="bbox 109 1187 1344 1496">
     <span class='ocr_line' id='line_1_7' title="bbox 153 1187 1344 1273; baseline -0.003 -19"><span class='ocrx_word' id='word_1_50' title='bbox 153 1197 185 1254; x_wconf 87' lang='grc'>8.</span> <span class='ocrx_word' id='word_1_51' title='bbox 211 1189 499 1273; x_wconf 57' lang='grc'><strong>(8011688711.)</strong></span> <span class='ocrx_word' id='word_1_52' title='bbox 520 1189 588 1252; x_wconf 85' lang='grc' dir='ltr'>Τοῦ</span> <span class='ocrx_word' id='word_1_53' title='bbox 615 1189 649 1252; x_wconf 89' lang='grc' dir='ltr'>ἐν</span> <span class='ocrx_word' id='word_1_54' title='bbox 675 1189 776 1266; x_wconf 89' lang='grc' dir='ltr'>ἁγίοις</span> <span class='ocrx_word' id='word_1_55' title='bbox 798 1190 920 1266; x_wconf 89' lang='grc' dir='ltr'>πατρὸς</span> <span class='ocrx_word' id='word_1_56' title='bbox 941 1189 1030 1266; x_wconf 82' lang='grc' dir='ltr'>ἡμῶν</span> <span class='ocrx_word' id='word_1_57' title='bbox 1055 1187 1200 1266; x_wconf 78' lang='grc' dir='ltr'>Ἀνδρέου</span> <span class='ocrx_word' id='word_1_58' title='bbox 1224 1189 1344 1266; x_wconf 83' lang='grc' dir='ltr'>Κρήτης</span> 
     </span>
     <span class='ocr_line' id='line_1_8' title="bbox 109 1302 1343 1382; baseline 0.002 -18"><span class='ocrx_word' id='word_1_59' title='bbox 109 1305 211 1379; x_wconf 89' lang='grc' dir='ltr'>λόγος</span> <span class='ocrx_word' id='word_1_60' title='bbox 226 1305 271 1380; x_wconf 85' lang='grc' dir='ltr'>είς</span> <span class='ocrx_word' id='word_1_61' title='bbox 286 1306 342 1380; x_wconf 88' lang='grc' dir='ltr'>τὴν</span> <span class='ocrx_word' id='word_1_62' title='bbox 358 1303 524 1380; x_wconf 89' lang='grc' dir='ltr'>ἀποτομήν</span> <span class='ocrx_word' id='word_1_63' title='bbox 546 1306 605 1365; x_wconf 92' lang='grc' dir='ltr'>τοῦ</span> <span class='ocrx_word' id='word_1_64' title='bbox 621 1302 713 1378; x_wconf 93' lang='grc' dir='ltr'>ἁγίου</span> <span class='ocrx_word' id='word_1_65' title='bbox 732 1305 781 1365; x_wconf 88' lang='grc' dir='ltr'>καὶ</span> <span class='ocrx_word' id='word_1_66' title='bbox 803 1303 937 1368; x_wconf 80' lang='grc' dir='ltr'>ἐνδόξου</span> <span class='ocrx_word' id='word_1_67' title='bbox 959 1305 1133 1381; x_wconf 85' lang='grc' dir='ltr'>προφήτου</span> <span class='ocrx_word' id='word_1_68' title='bbox 1152 1304 1343 1382; x_wconf 86' lang='grc' dir='ltr'>προδρόμου</span> 
     </span>
     <span class='ocr_line' id='line_1_9' title="bbox 110 1419 565 1496; baseline 0.002 -15"><span class='ocrx_word' id='word_1_69' title='bbox 110 1421 163 1481; x_wconf 84' lang='grc' dir='ltr'>καὶ</span> <span class='ocrx_word' id='word_1_70' title='bbox 179 1423 358 1496; x_wconf 90' lang='grc' dir='ltr'>βαπτιστοῦ</span> <span class='ocrx_word' id='word_1_71' title='bbox 381 1419 565 1482; x_wconf 89' lang='grc' dir='ltr'>Ἰωάννου.</span> 
     </span>
    </p>

    <p class='ocr_par' dir='ltr' id='par_1_4' title="bbox 278 1536 696 1599">
     <span class='ocr_line' id='line_1_10' title="bbox 278 1536 696 1599; baseline 0.002 -11"><span class='ocrx_word' id='word_1_72' title='bbox 278 1536 324 1588; x_wconf 83' lang='lat' dir='ltr'>Ed.</span> <span class='ocrx_word' id='word_1_73' title='bbox 335 1537 367 1588; x_wconf 84' lang='lat' dir='ltr'>P.</span> <span class='ocrx_word' id='word_1_74' title='bbox 379 1540 419 1599; x_wconf 76' lang='lat' dir='ltr'>G„</span> <span class='ocrx_word' id='word_1_75' title='bbox 432 1536 536 1599; x_wconf 78' lang='lat' dir='ltr'>XCVII,</span> <span class='ocrx_word' id='word_1_76' title='bbox 551 1537 696 1589; x_wconf 64' lang='lat'>1109-1142.</span> 
     </span>
    </p>

    <p class='ocr_par' dir='ltr' id='par_1_5' title="bbox 152 1635 1343 1719">
     <span class='ocr_line' id='line_1_11' title="bbox 152 1635 1343 1719; baseline 0.001 -20"><span class='ocrx_word' id='word_1_77' title='bbox 152 1642 185 1699; x_wconf 85' lang='grc' dir='ltr'>θ.</span> <span class='ocrx_word' id='word_1_78' title='bbox 208 1635 463 1719; x_wconf 64' lang='grc'><strong>1801878885.)</strong></span> <span class='ocrx_word' id='word_1_79' title='bbox 479 1637 665 1715; x_wconf 91' lang='grc' dir='ltr'>Ὑπόμνημα</span> <span class='ocrx_word' id='word_1_80' title='bbox 681 1638 729 1698; x_wconf 88' lang='grc' dir='ltr'>καὶ</span> <span class='ocrx_word' id='word_1_81' title='bbox 743 1637 910 1713; x_wconf 84' lang='grc' dir='ltr'>άνεῦρεσις</span> <span class='ocrx_word' id='word_1_82' title='bbox 922 1641 980 1700; x_wconf 93' lang='grc' dir='ltr'>τοῦ</span> <span class='ocrx_word' id='word_1_83' title='bbox 996 1637 1098 1713; x_wconf 88' lang='grc' dir='ltr'>τιμίου</span> <span class='ocrx_word' id='word_1_84' title='bbox 1115 1637 1268 1715; x_wconf 91' lang='grc' dir='ltr'>λειψάνου</span> <span class='ocrx_word' id='word_1_85' title='bbox 1284 1643 1343 1701; x_wconf 93' lang='grc' dir='ltr'>τοῦ</span> 
     </span>
    </p>

    <p class='ocr_par' dir='ltr' id='par_1_6' title="bbox 108 1749 1343 1831">
     <span class='ocr_line' id='line_1_12' title="bbox 108 1749 1343 1831; baseline 0.006 -19"><span class='ocrx_word' id='word_1_86' title='bbox 108 1749 206 1826; x_wconf 85' lang='grc' dir='ltr'>ἁγίου</span> <span class='ocrx_word' id='word_1_87' title='bbox 221 1753 271 1814; x_wconf 92' lang='grc' dir='ltr'>καὶ</span> <span class='ocrx_word' id='word_1_88' title='bbox 288 1753 423 1815; x_wconf 80' lang='grc' dir='ltr'>ἐνδόξου</span> <span class='ocrx_word' id='word_1_89' title='bbox 436 1754 715 1831; x_wconf 88' lang='grc' dir='ltr'>πρωτομάρτυρος</span> <span class='ocrx_word' id='word_1_90' title='bbox 727 1755 775 1815; x_wconf 91' lang='grc' dir='ltr'>καὶ</span> <span class='ocrx_word' id='word_1_91' title='bbox 787 1752 975 1816; x_wconf 84' lang='grc' dir='ltr'>ἀποστόλου</span> <span class='ocrx_word' id='word_1_92' title='bbox 998 1753 1205 1831; x_wconf 88' lang='grc' dir='ltr'>Στεφάνου.</span> <span class='ocrx_word' id='word_1_93' title='bbox 1216 1794 1248 1813; x_wconf 70' lang='lat'>=</span> <span class='ocrx_word' id='word_1_94' title='bbox 1259 1756 1343 1819; x_wconf 82' lang='lat'>881³.</span> 
     </span>
    </p>
   </div>
   <div class='ocr_carea' id='block_1_3' title="bbox 667 2089 797 2159">
    <p class='ocr_par' dir='ltr' id='par_1_7' title="bbox 667 2089 797 2159">
     <span class='ocr_line' id='line_1_13' title="bbox 667 2089 797 2159; baseline -0.008 0"><span class='ocrx_word' id='word_1_95' title='bbox 667 2089 797 2159; x_wconf 82' lang='grc' dir='ltr'><strong>ΙΙΠ.</strong></span> 
     </span>
    </p>
   </div>
   <div class='ocr_carea' id='block_1_4' title="bbox 144 2299 1171 2464">
    <p class='ocr_par' dir='ltr' id='par_1_8' title="bbox 144 2299 1171 2464">
     <span class='ocr_line' id='line_1_14' title="bbox 144 2299 719 2366; baseline 0.003 -15"><span class='ocrx_word' id='word_1_96' title='bbox 144 2299 218 2352; x_wconf 81' lang='lat' dir='ltr'>Olim</span> <span class='ocrx_word' id='word_1_97' title='bbox 230 2299 473 2353; x_wconf 83' lang='lat' dir='ltr'><strong>Fonteblaudensis</strong></span> <span class='ocrx_word' id='word_1_98' title='bbox 482 2300 522 2363; x_wconf 82' lang='lat'>87,</span> <span class='ocrx_word' id='word_1_99' title='bbox 533 2299 633 2366; x_wconf 77' lang='lat' dir='ltr'>Regius</span> <span class='ocrx_word' id='word_1_100' title='bbox 645 2300 719 2353; x_wconf 65' lang='lat' dir='ltr'>w.</span> 
     </span>
     <span class='ocr_line' id='line_1_15' title="bbox 144 2398 1171 2464; baseline 0.002 -14"><span class='ocrx_word' id='word_1_101' title='bbox 144 2398 284 2452; x_wconf 79' lang='lat' dir='ltr'>Foliorum</span> <span class='ocrx_word' id='word_1_102' title='bbox 296 2399 461 2462; x_wconf 62' lang='lat'>992012380</span> <span class='ocrx_word' id='word_1_103' title='bbox 474 2406 500 2455; x_wconf 90' lang='grc'>&gt;&lt;</span> <span class='ocrx_word' id='word_1_104' title='bbox 514 2398 616 2464; x_wconf 60' lang='grc' dir='ltr'>Οωὰθό,</span> <span class='ocrx_word' id='word_1_105' title='bbox 629 2400 698 2453; x_wconf 89' lang='lat' dir='ltr'>binis</span> <span class='ocrx_word' id='word_1_106' title='bbox 711 2400 854 2461; x_wconf 88' lang='lat' dir='ltr'><strong>columnis,</strong></span> <span class='ocrx_word' id='word_1_107' title='bbox 867 2403 994 2454; x_wconf 72' lang='lat' dir='ltr'>exaratus</span> <span class='ocrx_word' id='word_1_108' title='bbox 1005 2399 1116 2452; x_wconf 81' lang='lat' dir='ltr'><strong>saeculo</strong></span> <span class='ocrx_word' id='word_1_109' title='bbox 1127 2399 1171 2452; x_wconf 85' lang='lat' dir='ltr'>XI.</span> 
     </span>
    </p>
   </div>
   <div class='ocr_carea' id='block_1_5' title="bbox 106 2563 1344 3342">
    <p class='ocr_par' dir='ltr' id='par_1_9' title="bbox 112 2563 1344 2860">
     <span class='ocr_line' id='line_1_16' title="bbox 155 2563 1344 2644; baseline 0.003 -19"><span class='ocrx_word' id='word_1_110' title='bbox 155 2571 185 2624; x_wconf 91' lang='lat'>1.</span> <span class='ocrx_word' id='word_1_111' title='bbox 207 2563 288 2643; x_wconf 82' lang='lat' dir='ltr'><strong>(Fol.</strong></span> <span class='ocrx_word' id='word_1_112' title='bbox 313 2564 421 2644; x_wconf 67' lang='lat'>1-12&#39;.)</span> <span class='ocrx_word' id='word_1_113' title='bbox 443 2564 602 2641; x_wconf 84' lang='grc' dir='ltr'>Γεωργίου</span> <span class='ocrx_word' id='word_1_114' title='bbox 629 2566 866 2643; x_wconf 90' lang='grc' dir='ltr'>μητροπολίτου</span> <span class='ocrx_word' id='word_1_115' title='bbox 891 2563 1098 2643; x_wconf 91' lang='grc' dir='ltr'>Νικομηδείας</span> <span class='ocrx_word' id='word_1_116' title='bbox 1120 2564 1277 2642; x_wconf 85' lang='grc' dir='ltr'>ἐγκώμιον</span> <span class='ocrx_word' id='word_1_117' title='bbox 1300 2563 1344 2642; x_wconf 82' lang='grc' dir='ltr'>εἰς</span> 
     </span>
     <span class='ocr_line' id='line_1_17' title="bbox 112 2679 1342 2759; baseline 0.002 -18"><span class='ocrx_word' id='word_1_118' title='bbox 112 2682 191 2755; x_wconf 86' lang='grc' dir='ltr'>τοὺς</span> <span class='ocrx_word' id='word_1_119' title='bbox 214 2679 327 2756; x_wconf 85' lang='grc' dir='ltr'>ἁγίους</span> <span class='ocrx_word' id='word_1_120' title='bbox 344 2682 392 2741; x_wconf 88' lang='grc' dir='ltr'>καὶ</span> <span class='ocrx_word' id='word_1_121' title='bbox 408 2683 677 2757; x_wconf 88' lang='grc' dir='ltr'>θαυματουργοῦς</span> <span class='ocrx_word' id='word_1_122' title='bbox 699 2681 904 2759; x_wconf 87' lang='grc' dir='ltr'>άναργύρους</span> <span class='ocrx_word' id='word_1_123' title='bbox 927 2680 1077 2759; x_wconf 89' lang='grc' dir='ltr'>Κοσμὰν</span> <span class='ocrx_word' id='word_1_124' title='bbox 1100 2683 1148 2744; x_wconf 93' lang='grc' dir='ltr'>καὶ</span> <span class='ocrx_word' id='word_1_125' title='bbox 1168 2681 1342 2757; x_wconf 90' lang='grc' dir='ltr'>Δαμιανάν.</span> 
     </span>
     <span class='ocr_line' id='line_1_18' title="bbox 112 2795 1341 2860; baseline 0.001 -2"><span class='ocrx_word' id='word_1_126' title='bbox 112 2826 145 2845; x_wconf 86' lang='lat'><strong><em>=</em></strong></span> <span class='ocrx_word' id='word_1_127' title='bbox 164 2795 234 2858; x_wconf 88' lang='grc' dir='ltr'><strong>Β8.</strong></span> <span class='ocrx_word' id='word_1_128' title='bbox 1241 2796 1296 2860; x_wconf 91' lang='lat' dir='ltr'><strong>lul.</strong></span> <span class='ocrx_word' id='word_1_129' title='bbox 1316 2798 1341 2859; x_wconf 90' lang='grc'><strong>1.</strong></span> 
     </span>
    </p>

    <p class='ocr_par' dir='ltr' id='par_1_10' title="bbox 106 2910 1342 3104">
     <span class='ocr_line' id='line_1_19' title="bbox 149 2910 1342 2992; baseline 0.002 -18"><span class='ocrx_word' id='word_1_130' title='bbox 149 2917 183 2974; x_wconf 80' lang='lat'>2.</span> <span class='ocrx_word' id='word_1_131' title='bbox 207 2910 285 2992; x_wconf 82' lang='lat' dir='ltr'><strong>(Fol.</strong></span> <span class='ocrx_word' id='word_1_132' title='bbox 299 2912 427 2992; x_wconf 73' lang='lat' dir='ltr'><strong>1⁶2v-26.)</strong></span> <span class='ocrx_word' id='word_1_133' title='bbox 440 2913 494 2989; x_wconf 84' lang='grc' dir='ltr'>Εἰς</span> <span class='ocrx_word' id='word_1_134' title='bbox 505 2913 673 2976; x_wconf 88' lang='grc' dir='ltr'>κατάθεσιν</span> <span class='ocrx_word' id='word_1_135' title='bbox 685 2920 742 2991; x_wconf 87' lang='grc' dir='ltr'>τῆς</span> <span class='ocrx_word' id='word_1_136' title='bbox 755 2915 854 2991; x_wconf 91' lang='grc' dir='ltr'>τιμίας</span> <span class='ocrx_word' id='word_1_137' title='bbox 867 2916 1005 2992; x_wconf 84' lang='grc' dir='ltr'>ἐσθῆτος</span> <span class='ocrx_word' id='word_1_138' title='bbox 1018 2918 1074 2991; x_wconf 90' lang='grc' dir='ltr'>τῆς</span> <span class='ocrx_word' id='word_1_139' title='bbox 1097 2913 1342 2991; x_wconf 87' lang='grc' dir='ltr'>θεομήτορος</span> 
     </span>
     <span class='ocr_line' id='line_1_20' title="bbox 106 3025 1341 3104; baseline 0.003 -16"><span class='ocrx_word' id='word_1_140' title='bbox 106 3025 141 3090; x_wconf 87' lang='grc' dir='ltr'>ἐν</span> <span class='ocrx_word' id='word_1_141' title='bbox 159 3026 357 3104; x_wconf 82' lang='grc' dir='ltr'>Βλαχὲρναις.</span> <span class='ocrx_word' id='word_1_142' title='bbox 373 3029 443 3090; x_wconf 46' lang='grc' dir='ltr'>ζΒ</span> <span class='ocrx_word' id='word_1_143' title='bbox 457 3030 507 3092; x_wconf 86' lang='grc'><strong>56.</strong></span> <span class='ocrx_word' id='word_1_144' title='bbox 1241 3028 1296 3091; x_wconf 88' lang='lat' dir='ltr'><strong>lul.</strong></span> <span class='ocrx_word' id='word_1_145' title='bbox 1312 3030 1341 3092; x_wconf 74' lang='grc' dir='ltr'>θ.</span> 
     </span>
    </p>

    <p class='ocr_par' dir='ltr' id='par_1_11' title="bbox 106 3158 1341 3342">
     <span class='ocr_line' id='line_1_21' title="bbox 149 3158 1341 3242; baseline 0.003 -21"><span class='ocrx_word' id='word_1_146' title='bbox 149 3165 183 3222; x_wconf 87' lang='grc'><strong>3.</strong></span> <span class='ocrx_word' id='word_1_147' title='bbox 205 3158 284 3239; x_wconf 85' lang='lat' dir='ltr'><strong>(Fol.</strong></span> <span class='ocrx_word' id='word_1_148' title='bbox 315 3160 433 3242; x_wconf 60' lang='lat'>2041.)</span> <span class='ocrx_word' id='word_1_149' title='bbox 462 3160 638 3238; x_wconf 79' lang='grc' dir='ltr'>Ἐγκάιμιον</span> <span class='ocrx_word' id='word_1_150' title='bbox 667 3161 711 3239; x_wconf 90' lang='grc' dir='ltr'>είς</span> <span class='ocrx_word' id='word_1_151' title='bbox 740 3163 797 3225; x_wconf 89' lang='grc' dir='ltr'>τὸν</span> <span class='ocrx_word' id='word_1_152' title='bbox 826 3161 917 3238; x_wconf 91' lang='grc' dir='ltr'>άγιον</span> <span class='ocrx_word' id='word_1_153' title='bbox 944 3162 1088 3240; x_wconf 91' lang='grc' dir='ltr'>μάρτυρα</span> <span class='ocrx_word' id='word_1_154' title='bbox 1113 3166 1172 3225; x_wconf 92' lang='grc' dir='ltr'>τοῦ</span> <span class='ocrx_word' id='word_1_155' title='bbox 1202 3161 1341 3240; x_wconf 90' lang='grc' dir='ltr'>Χριστοῦ</span> 
     </span>
     <span class='ocr_line' id='line_1_22' title="bbox 106 3265 1340 3342; baseline 0.005 -15"><span class='ocrx_word' id='word_1_156' title='bbox 106 3265 341 3342; x_wconf 89' lang='grc' dir='ltr'>Προκόπιον.</span> <span class='ocrx_word' id='word_1_157' title='bbox 1241 3270 1295 3333; x_wconf 87' lang='lat' dir='ltr'>Iul.</span> <span class='ocrx_word' id='word_1_158' title='bbox 1312 3272 1340 3333; x_wconf 79' lang='lat'>8.</span> 
     </span>
    </p>
   </div>
   <div class='ocr_carea' id='block_1_6' title="bbox 238 3383 1343 3552">
    <p class='ocr_par' dir='ltr' id='par_1_12' title="bbox 238 3383 1343 3552">
     <span class='ocr_line' id='line_1_23' title="bbox 275 3383 1343 3452; baseline 0.005 -17"><span class='ocrx_word' id='word_1_159' title='bbox 275 3383 329 3436; x_wconf 83' lang='lat' dir='ltr'>Ine.</span> <span class='ocrx_word' id='word_1_160' title='bbox 340 3383 407 3437; x_wconf 88' lang='grc' dir='ltr'>Ἡδὺ</span> <span class='ocrx_word' id='word_1_161' title='bbox 428 3386 478 3450; x_wconf 87' lang='grc' dir='ltr'>μὲν</span> <span class='ocrx_word' id='word_1_162' title='bbox 499 3387 588 3450; x_wconf 85' lang='grc' dir='ltr'>θέαμα</span> <span class='ocrx_word' id='word_1_163' title='bbox 610 3385 655 3438; x_wconf 87' lang='grc' dir='ltr'>καί</span> <span class='ocrx_word' id='word_1_164' title='bbox 675 3387 797 3451; x_wconf 92' lang='grc' dir='ltr'>τερπνόν</span> <span class='ocrx_word' id='word_1_165' title='bbox 819 3386 842 3438; x_wconf 83' lang='grc' dir='ltr'>ιῦ</span> <span class='ocrx_word' id='word_1_166' title='bbox 864 3388 1003 3452; x_wconf 89' lang='grc' dir='ltr'>παρόντες</span> <span class='ocrx_word' id='word_1_167' title='bbox 1023 3414 1056 3424; x_wconf 95' lang='grc'>-</span> <span class='ocrx_word' id='word_1_168' title='bbox 1073 3386 1134 3439; x_wconf 71' lang='grc' dir='ltr'>θεν.</span> <span class='ocrx_word' id='word_1_169' title='bbox 1153 3386 1191 3449; x_wconf 84' lang='grc' dir='ltr'>είς</span> <span class='ocrx_word' id='word_1_170' title='bbox 1211 3391 1280 3448; x_wconf 81' lang='grc' dir='ltr'>χοῦν</span> <span class='ocrx_word' id='word_1_171' title='bbox 1297 3386 1343 3440; x_wconf 87' lang='grc' dir='ltr'>καί</span> 
     </span>
     <span class='ocr_line' id='line_1_24' title="bbox 238 3484 909 3552; baseline 0.004 -17"><span class='ocrx_word' id='word_1_172' title='bbox 238 3484 349 3549; x_wconf 85' lang='grc' dir='ltr'>τέφραν</span> <span class='ocrx_word' id='word_1_173' title='bbox 360 3485 414 3550; x_wconf 85' lang='grc' dir='ltr'>τήν</span> <span class='ocrx_word' id='word_1_174' title='bbox 426 3486 531 3551; x_wconf 85' lang='grc' dir='ltr'>ταύτης</span> <span class='ocrx_word' id='word_1_175' title='bbox 544 3486 639 3551; x_wconf 92' lang='grc' dir='ltr'>φλόγα</span> <span class='ocrx_word' id='word_1_176' title='bbox 652 3487 811 3538; x_wconf 90' lang='grc' dir='ltr'>διάλυσον...</span> <span class='ocrx_word' id='word_1_177' title='bbox 829 3485 909 3552; x_wconf 85' lang='grc' dir='ltr'>ἀμήν.</span> 
     </span>
    </p>
   </div>
   <div class='ocr_carea' id='block_1_7' title="bbox 107 3581 1341 3777">
    <p class='ocr_par' dir='ltr' id='par_1_13' title="bbox 107 3581 1341 3777">
     <span class='ocr_line' id='line_1_25' title="bbox 148 3581 1340 3664; baseline 0.003 -20"><span class='ocrx_word' id='word_1_178' title='bbox 148 3588 182 3644; x_wconf 84' lang='grc'><strong>4.</strong></span> <span class='ocrx_word' id='word_1_179' title='bbox 204 3581 283 3663; x_wconf 82' lang='lat' dir='ltr'><strong>(Fol.</strong></span> <span class='ocrx_word' id='word_1_180' title='bbox 304 3582 441 3664; x_wconf 63' lang='lat' dir='ltr'>41-42v.)</span> <span class='ocrx_word' id='word_1_181' title='bbox 462 3583 620 3661; x_wconf 86' lang='grc' dir='ltr'>Ἀστερίου</span> <span class='ocrx_word' id='word_1_182' title='bbox 644 3584 804 3661; x_wconf 86' lang='grc' dir='ltr'>Ἀμασείας</span> <span class='ocrx_word' id='word_1_183' title='bbox 826 3584 870 3661; x_wconf 88' lang='grc' dir='ltr'>εἰς</span> <span class='ocrx_word' id='word_1_184' title='bbox 896 3585 1018 3662; x_wconf 90' lang='grc' dir='ltr'>μνήμην</span> <span class='ocrx_word' id='word_1_185' title='bbox 1044 3590 1100 3663; x_wconf 87' lang='grc' dir='ltr'>τής</span> <span class='ocrx_word' id='word_1_186' title='bbox 1124 3587 1340 3664; x_wconf 90' lang='grc' dir='ltr'>πανευφήμου</span> 
     </span>
     <span class='ocr_line' id='line_1_26' title="bbox 107 3696 1341 3777; baseline 0.004 -18"><span class='ocrx_word' id='word_1_187' title='bbox 107 3696 393 3776; x_wconf 86' lang='grc' dir='ltr'>μεγαλομάρτυρος</span> <span class='ocrx_word' id='word_1_188' title='bbox 416 3697 612 3777; x_wconf 82' lang='grc' dir='ltr'>Εὐφημίας</span> <span class='ocrx_word' id='word_1_189' title='bbox 634 3700 801 3777; x_wconf 81' lang='grc' dir='ltr'>ἔκφρασις.</span> <span class='ocrx_word' id='word_1_190' title='bbox 816 3699 886 3763; x_wconf 93' lang='lat' dir='ltr'>=B</span> <span class='ocrx_word' id='word_1_191' title='bbox 900 3700 930 3763; x_wconf 73' lang='lat'>4.</span> <span class='ocrx_word' id='word_1_192' title='bbox 1220 3700 1276 3764; x_wconf 92' lang='lat' dir='ltr'><strong>Iul.</strong></span> <span class='ocrx_word' id='word_1_193' title='bbox 1294 3701 1341 3764; x_wconf 91' lang='lat'>11.</span> 
     </span>
    </p>
   </div>
   <div class='ocr_carea' id='block_1_8' title="bbox 105 3815 1341 4141">
    <p class='ocr_par' dir='ltr' id='par_1_14' title="bbox 105 3815 1341 4141">
     <span class='ocr_line' id='line_1_27' title="bbox 151 3815 1341 3914; baseline 0.003 -19"><span class='ocrx_word' id='word_1_194' title='bbox 151 3839 183 3895; x_wconf 85' lang='lat'>5.</span> <span class='ocrx_word' id='word_1_195' title='bbox 205 3830 286 3912; x_wconf 68' lang='lat' dir='ltr'>(Pol.</span> <span class='ocrx_word' id='word_1_196' title='bbox 306 3831 441 3914; x_wconf 64' lang='lat' dir='ltr'>AM.)</span> <span class='ocrx_word' id='word_1_197' title='bbox 461 3832 638 3910; x_wconf 87' lang='grc' dir='ltr'>Θεοδώρου</span> <span class='ocrx_word' id='word_1_198' title='bbox 665 3815 844 3896; x_wconf 78' lang='grc' dir='ltr'>ἐπιάκόπου</span> <span class='ocrx_word' id='word_1_199' title='bbox 866 3832 998 3897; x_wconf 91' lang='grc' dir='ltr'>Ἰκονίου</span> <span class='ocrx_word' id='word_1_200' title='bbox 1022 3835 1172 3912; x_wconf 88' lang='grc' dir='ltr'>ἐπιστολή</span> <span class='ocrx_word' id='word_1_201' title='bbox 1193 3838 1341 3912; x_wconf 93' lang='grc' dir='ltr'>δηλοῦσα</span> 
     </span>
     <span class='ocr_line' id='line_1_28' title="bbox 105 3947 1339 4030; baseline 0.003 -20"><span class='ocrx_word' id='word_1_202' title='bbox 105 3948 145 4010; x_wconf 89' lang='grc' dir='ltr'>τὸ</span> <span class='ocrx_word' id='word_1_203' title='bbox 164 3948 339 4025; x_wconf 89' lang='grc' dir='ltr'>μαρτύριον</span> <span class='ocrx_word' id='word_1_204' title='bbox 361 3951 420 4011; x_wconf 91' lang='grc' dir='ltr'>τοῦ</span> <span class='ocrx_word' id='word_1_205' title='bbox 443 3947 535 4024; x_wconf 91' lang='grc' dir='ltr'>ἁγίου</span> <span class='ocrx_word' id='word_1_206' title='bbox 562 3949 846 4028; x_wconf 87' lang='grc' dir='ltr'>μεγαλομάρτυρος</span> <span class='ocrx_word' id='word_1_207' title='bbox 868 3949 1039 4029; x_wconf 91' lang='grc' dir='ltr'>Κηρῦκου</span> <span class='ocrx_word' id='word_1_208' title='bbox 1063 3952 1112 4013; x_wconf 91' lang='grc' dir='ltr'>καί</span> <span class='ocrx_word' id='word_1_209' title='bbox 1138 3955 1194 4030; x_wconf 88' lang='grc' dir='ltr'>τῆς</span> <span class='ocrx_word' id='word_1_210' title='bbox 1219 3951 1339 4014; x_wconf 87' lang='grc' dir='ltr'>τούτου</span> 
     </span>
     <span class='ocr_line' id='line_1_29' title="bbox 106 4062 1341 4141; baseline 0.005 -16"><span class='ocrx_word' id='word_1_211' title='bbox 106 4064 228 4141; x_wconf 87' lang='grc' dir='ltr'>μητρὸς</span> <span class='ocrx_word' id='word_1_212' title='bbox 244 4062 420 4141; x_wconf 86' lang='grc' dir='ltr'>Ἰουλίττης.</span> <span class='ocrx_word' id='word_1_213' title='bbox 435 4064 552 4128; x_wconf 62' lang='grc' dir='ltr'>εΒθ.</span> <span class='ocrx_word' id='word_1_214' title='bbox 1222 4067 1277 4131; x_wconf 89' lang='lat' dir='ltr'><strong>Iul.</strong></span> <span class='ocrx_word' id='word_1_215' title='bbox 1294 4068 1341 4131; x_wconf 88' lang='lat'>15.</span> 
     </span>
    </p>
   </div>
   <div class='ocr_carea' id='block_1_9' title="bbox 152 4194 1341 4379">
    <p class='ocr_par' dir='ltr' id='par_1_15' title="bbox 152 4194 1341 4379">
     <span class='ocr_line' id='line_1_30' title="bbox 152 4194 1259 4277; baseline 0.005 -19"><span class='ocrx_word' id='word_1_216' title='bbox 152 4201 185 4259; x_wconf 91' lang='grc' dir='ltr'>θ.</span> <span class='ocrx_word' id='word_1_217' title='bbox 207 4194 286 4277; x_wconf 68' lang='grc'><strong>(801.</strong></span> <span class='ocrx_word' id='word_1_218' title='bbox 301 4195 421 4276; x_wconf 75' lang='grc'><strong>46-50.)</strong></span> <span class='ocrx_word' id='word_1_219' title='bbox 443 4197 628 4276; x_wconf 91' lang='grc' dir='ltr'>Μαρτύριον</span> <span class='ocrx_word' id='word_1_220' title='bbox 649 4202 709 4262; x_wconf 92' lang='grc' dir='ltr'>τοῦ</span> <span class='ocrx_word' id='word_1_221' title='bbox 730 4196 822 4274; x_wconf 90' lang='grc' dir='ltr'>ἁγίου</span> <span class='ocrx_word' id='word_1_222' title='bbox 845 4198 1007 4277; x_wconf 88' lang='grc' dir='ltr'>μάρτυρος</span> <span class='ocrx_word' id='word_1_223' title='bbox 1029 4200 1259 4277; x_wconf 82' lang='grc' dir='ltr'>Αἰμιλιανοῦ.</span> 
     </span>
     <span class='ocr_line' id='line_1_31' title="bbox 1221 4315 1341 4379; baseline 0 0"><span class='ocrx_word' id='word_1_224' title='bbox 1221 4315 1276 4379; x_wconf 92' lang='lat' dir='ltr'><strong>Iul.</strong></span> <span class='ocrx_word' id='word_1_225' title='bbox 1294 4316 1341 4379; x_wconf 88' lang='lat'>18.</span> 
     </span>
    </p>
   </div>
   <div class='ocr_carea' id='block_1_10' title="bbox 241 4425 1342 4598">
    <p class='ocr_par' dir='ltr' id='par_1_16' title="bbox 241 4425 1342 4598">
     <span class='ocr_line' id='line_1_32' title="bbox 275 4425 1342 4498; baseline 0.005 -19"><span class='ocrx_word' id='word_1_226' title='bbox 275 4425 330 4480; x_wconf 85' lang='lat' dir='ltr'>lnc.</span> <span class='ocrx_word' id='word_1_227' title='bbox 342 4426 482 4495; x_wconf 82' lang='grc' dir='ltr'>Ἰουλιανῷ</span> <span class='ocrx_word' id='word_1_228' title='bbox 494 4433 536 4495; x_wconf 82' lang='grc' dir='ltr'>τῷ</span> <span class='ocrx_word' id='word_1_229' title='bbox 549 4430 697 4498; x_wconf 85' lang='grc' dir='ltr'>ἀποστάτῃ</span> <span class='ocrx_word' id='word_1_230' title='bbox 708 4431 760 4496; x_wconf 90' lang='grc' dir='ltr'>τήν</span> <span class='ocrx_word' id='word_1_231' title='bbox 773 4431 920 4498; x_wconf 84' lang='grc' dir='ltr'>Ρωμαῖκήν</span> <span class='ocrx_word' id='word_1_232' title='bbox 930 4432 1018 4498; x_wconf 83' lang='grc' dir='ltr'>ἀργήν</span> <span class='ocrx_word' id='word_1_233' title='bbox 1031 4433 1164 4497; x_wconf 85' lang='grc' dir='ltr'>άπραγμα</span> <span class='ocrx_word' id='word_1_234' title='bbox 1173 4431 1342 4498; x_wconf 88' lang='grc' dir='ltr'>τυραννίδος</span> 
     </span>
     <span class='ocr_line' id='line_1_33' title="bbox 241 4525 1341 4598; baseline 0.005 -20"><span class='ocrx_word' id='word_1_235' title='bbox 241 4553 273 4563; x_wconf 93' lang='grc'>-</span> <span class='ocrx_word' id='word_1_236' title='bbox 282 4525 344 4580; x_wconf 81' lang='lat' dir='ltr'>Des.</span> <span class='ocrx_word' id='word_1_237' title='bbox 357 4526 402 4579; x_wconf 90' lang='grc' dir='ltr'>καί</span> <span class='ocrx_word' id='word_1_238' title='bbox 414 4531 501 4580; x_wconf 84' lang='grc' dir='ltr'>τοῦτο</span> <span class='ocrx_word' id='word_1_239' title='bbox 514 4529 564 4592; x_wconf 84' lang='grc' dir='ltr'>μὲν</span> <span class='ocrx_word' id='word_1_240' title='bbox 576 4530 612 4581; x_wconf 86' lang='grc' dir='ltr'>τά</span> <span class='ocrx_word' id='word_1_241' title='bbox 623 4530 705 4582; x_wconf 84' lang='grc' dir='ltr'>ἔνδον</span> <span class='ocrx_word' id='word_1_242' title='bbox 715 4531 796 4595; x_wconf 83' lang='grc' dir='ltr'>ἡμῶν</span> <span class='ocrx_word' id='word_1_243' title='bbox 808 4534 858 4596; x_wconf 83' lang='grc' dir='ltr'>τῆς</span> <span class='ocrx_word' id='word_1_244' title='bbox 868 4532 976 4596; x_wconf 87' lang='grc' dir='ltr'>φλογός</span> <span class='ocrx_word' id='word_1_245' title='bbox 987 4532 1249 4598; x_wconf 80' lang='grc' dir='ltr'>περιλιχμωμένης...</span> <span class='ocrx_word' id='word_1_246' title='bbox 1260 4532 1341 4596; x_wconf 85' lang='grc' dir='ltr'>ἀμήν.</span> 
     </span>
    </p>
   </div>
   <div class='ocr_carea' id='block_1_11' title="bbox 109 4641 1342 4838">
    <p class='ocr_par' dir='ltr' id='par_1_17' title="bbox 109 4641 1342 4838">
     <span class='ocr_line' id='line_1_34' title="bbox 151 4641 1342 4726; baseline 0.005 -21"><span class='ocrx_word' id='word_1_247' title='bbox 151 4648 185 4705; x_wconf 79' lang='grc'><strong>7.</strong></span> <span class='ocrx_word' id='word_1_248' title='bbox 207 4641 441 4726; x_wconf 58' lang='grc'><strong>(8015048.)</strong></span> <span class='ocrx_word' id='word_1_249' title='bbox 463 4645 639 4724; x_wconf 86' lang='grc' dir='ltr'>Γρηγορίου</span> <span class='ocrx_word' id='word_1_250' title='bbox 663 4645 774 4724; x_wconf 86' lang='grc' dir='ltr'>Νύσης</span> <span class='ocrx_word' id='word_1_251' title='bbox 795 4647 839 4724; x_wconf 82' lang='grc' dir='ltr'>εἰς</span> <span class='ocrx_word' id='word_1_252' title='bbox 861 4648 930 4725; x_wconf 86' lang='grc' dir='ltr'>βίον</span> <span class='ocrx_word' id='word_1_253' title='bbox 951 4668 1008 4726; x_wconf 90' lang='grc' dir='ltr'>της</span> <span class='ocrx_word' id='word_1_254' title='bbox 1031 4647 1121 4725; x_wconf 91' lang='grc' dir='ltr'>ἁγίας</span> <span class='ocrx_word' id='word_1_255' title='bbox 1149 4648 1342 4726; x_wconf 89' lang='grc' dir='ltr'>Μακρίνης</span> 
     </span>
     <span class='ocr_line' id='line_1_35' title="bbox 109 4758 1341 4838; baseline -0.005 -4"><span class='ocrx_word' id='word_1_256' title='bbox 109 4758 547 4838; x_wconf 58' lang='grc' dir='ltr'>τῆςτύτοῡάδελνῆς.τΒ.</span> <span class='ocrx_word' id='word_1_257' title='bbox 1221 4763 1341 4828; x_wconf 83' lang='lat' dir='ltr'>1u1.19.</span> 
     </span>
    </p>
   </div>
   <div class='ocr_carea' id='block_1_12' title="bbox 0 0 1646 5536">
    <p class='ocr_par' dir='ltr' id='par_1_18' title="bbox 0 0 1646 5536">
     <span class='ocr_line' id='line_1_36' title="bbox 0 0 1646 5536; baseline 0 2"><span class='ocrx_word' id='word_1_258' title='bbox 0 0 1646 5536; x_wconf 95' lang='lat' dir='ltr'> </span> 
     </span>
    </p>
   </div>
  </div>
 </body>
</html>
