3284 5536
382 389 473 441 στου.
502 388 582 440 παπ.
609 389 723 441 mus.
752 409 799 420 -
826 388 905 440 con.
932 388 992 442 τω.
1258 368 1304 440 17

111 588 145 647 θ.
166 580 247 665 (1·ὀλ.
266 579 428 664 134-143.)
442 580 619 660 Ἐγκώμιον
634 581 678 659 είς
694 582 751 646 τὸν
766 579 858 658 ἅγιον
873 582 922 645 καὶ
937 581 1150 659 πανεύφημον
1164 580 1304 647 άπόστο-

67 701 128 762 λον
157 697 436 777 ΘωμᾶνεΒό.

111 838 143 895 7.
167 830 248 912 (Fol.
262 829 621 911 143151v.)’51x11m10v
637 831 681 907 είς
696 831 752 894 τὸν
768 829 859 906 ἅγιον
875 831 923 892 καὶ
939 831 1151 907 πανεύφημον
1163 831 1303 894 ἀπόστο-

67 950 129 1011 λον
157 945 336 1025 Ἰάκωβον
364 948 421 1011 τὸν
435 951 495 1011 τοῦ
511 947 660 1026 Ἁλφαίου
675 976 708 996 =
722 946 758 1010 B.

30 1117 34 1124 -
111 1086 145 1145 8.
160 1078 241 1162 (rol.
253 1078 441 1161 151v-159v.)
455 1078 633 1156 Ἐγκώμων
644 1080 689 1156 είς
703 1079 760 1142 τὸν
771 1077 863 1154 άγιον
875 1079 924 1141 καὶ
935 1079 1148 1156 πανεύφημον
1164 1080 1304 1143 άπόστο-

67 1198 137 1260 λων
162 1195 499 1274 ΒαρθολομαῖονΞ
513 1194 539 1258 Β
554 1195 583 1259 5.

111 1335 145 1392 9.
169 1326 250 1407 (Fol.
269 1326 441 1410 160168v.)
453 1326 630 1404 Ἐγκώμιον
645 1328 689 1403 είς
704 1327 760 1389 τὸν
776 1325 868 1402 ἅγιον
880 1327 929 1389 καὶ
939 1327 1153 1404 πανεύφημον
1164 1326 1304 1390 άπόστο·

67 1446 126 1506 λον
152 1443 339 1508 Φίλιππον
353 1443 471 1508 =B4.

112 1584 167 1640 10.
191 1575 271 1658 (Fol.
286 1576 658 1659 168v-204v.)’[1x111mov
673 1577 718 1654 είς
732 1577 790 1639 τὸν
805 1576 938 1641 ἔνδοξον
954 1578 1003 1638 καὶ
1015 1577 1228 1654 πανεύφημον
1243 1581 1302 1639 τοὺ

69 1691 210 1770 Χριστοῦ
231 1692 419 1756 ἀπόστολον
446 1691 619 1770 Ἀνδρέαν
647 1694 705 1756 τὸν
719 1692 948 1770 πρωτόκλητον
967 1694 1088 1769 καὶτῆς
1104 1694 1149 1769 είς
1163 1693 1200 1755 τὸ
1216 1695 1303 1755 θεῖον

73 1810 221 1886 κήρυγμα
236 1809 389 1887 περίοδος
410 1809 511 1873 αὐτοῦ
534 1811 584 1872 καὶ
609 1813 674 1872 τῶν
698 1807 750 1870 ὑπ>
765 1808 867 1872 αὐτοῦ
892 1809 1107 1872 τελεσθέντων
1133 1808 1304 1885 θαυμάτων

73 1924 227 2000 διήγησις.

235 2038 292 2093 Ιπτ.
305 2041 362 2093 Τόν
382 2041 589 2106 πρωτόκλητον
601 2044 651 2106 τῆς
663 2041 851 2106 ἀποστολικῆς
872 2042 1034 2102 δωδεκάδος
1047 2073 1078 2080 -
1098 2041 1160 2094 [λον.
1173 2042 1305 2106 μέγιστον

202 2139 227 2191 δ’
244 2141 297 2193 οὖν
309 2141 385 2205 ὅμως
405 2139 450 2192 καί
462 2141 495 2193 τὸ
516 2144 566 2207 τῆς
578 2139 779 2206 Ἀλεξανδρείας
792 2140 837 2194 καὶ
853 2142 946 2207 πάσης
963 2139 1104 2204 Αίγίτπτου
1118 2139 1190 2207 φημὶ
1203 2143 1304 2194 δουκᾶ-

203 2255 280 2292 τον...
293 2239 375 2305 ἀμήν.

117 2361 172 2417 11.
188 2353 269 2437 (Fol.
285 2354 445 2438 905227.)
458 2354 635 2434 Ἐγκώμιον
647 2358 691 2434 εἰς
702 2358 760 2420 τὸν
772 2356 864 2432 ἅγιον
879 2357 928 2420 καὶ
939 2357 1152 2434 πανεύφημον
1164 2354 1304 2421 ἀπόστο-

71 2475 130 2534 λον
159 2471 359 2536 Ματθαῖον
387 2475 444 2538 τὸν
459 2474 694 2550 εὐαγγελιστήν.
710 2498 742 2518 =
756 2472 823 2538 Β3.

114 2610 169 2668 12.
195 2605 277 2687 (Fol.
296 2606 474 2688 227v-936.)
496 2606 673 2685 Ἐγκώμιον
688 2608 734 2684 είς
747 2608 804 2670 τόν
829 2607 921 2684 δίγιον
936 2608 985 2670 καὶ
1000 2608 1213 2684 πανεύφημον
1228 2605 1304 2669 ἀπό-

71 2724 194 2785 στολον
223 2721 373 2786 Λουκάν
400 2725 458 2786 τὸν
473 2723 709 2801 εὐαγγελιστήν.

236 2844 334 2900 Ιπο.Ὢ
347 2848 550 2914 λαμπρότηςμδ
560 2849 701 2912 αίνεσις,ὼ
711 2848 836 2915 σήμερον
846 2849 913 2903 δόξα
923 2847 968 2902 καί
976 2849 1053 2914 χάρις
1063 2876 1095 2886 -
1107 2848 1168 2901 Des,
1178 2848 1304 2914 μέμνησο

201 2946 249 3000 καὶ
266 2947 339 3012 ἡμῖν,
352 2947 376 2998 ὡ
389 2948 480 3013 μάκαρ
494 2947 538 3000 καί
551 2948 675 3012 εὐμενῶς
687 2948 768 3001 τουτί
780 2949 815 3001 τὸ
828 2949 915 3014 βραχὺ
927 2950 1168 3014 προσηκάμενος...
1181 2947 1261 3013 ἀμήν,

114 3067 168 3125 13.
190 3060 271 3143 (Fol.
283 3060 443 3143 936141.)
451 3060 627 3140 Ἑγκώμιον
639 3065 682 3139 είς
697 3064 753 3126 τὸν
766 3062 857 3138 ἅγιον
868 3065 918 3125 καί
932 3064 1145 3140 πανεύφημον
1160 3062 1302 3125 ἀπόστο·

73 3176 129 3239 λον
158 3176 316 3255 Μάρκον
342 3181 400 3243 τόν
418 3180 646 3257 εὐαγγελιστήν
659 3213 693 3233 =
707 3179 733 3242 B
748 3180 776 3242 3.

116 3317 171 3374 14.
193 3309 273 3393 (Fol.
283 3311 627 3394 943-153.)Ἐγκώμων
643 3314 687 3389 εἰς
701 3313 758 3376 τὸν
773 3312 864 3388 ἅγιον
876 3314 925 3375 καί
939 3313 1153 3390 πανεύφημον
1164 3312 1305 3377 ἀπόστο·

73 3427 128 3488 λον
143 3428 192 3488 καὶ
210 3426 359 3505 ίεράρχην
374 3426 548 3507 Ἰάκωβον
568 3430 626 3493 τὸν
641 3429 850 3506 ἀδελφόθεον.

235 3551 348 3615 Ιπο.Ὡς
371 3556 486 3617 γλυκεῖα
507 3558 557 3620 τῆς
580 3556 727 3620 παρούσης
747 3555 852 3620 ἡμέρας
866 3584 895 3592 -
909 3554 971 3606 Des.
990 3555 1035 3606 διὰ
1055 3558 1105 3620 τῆς
1130 3557 1304 3620 ἀκραιφνους

203 3653 375 3719 ὁμοιότητος
389 3655 416 3707 αἱ
439 3654 624 3720 χοροστασίαι
645 3659 823 3708 κατοικοῦσι·
837 3654 963 3720 μέμνησο
981 3654 1011 3707 δέ
1023 3653 1069 3707 καί
1084 3657 1173 3721 ἡμῶν,
1191 3655 1215 3707 ὠ
1231 3658 1305 3707 τελε-

201 3753 397 3818 ταρχικώτατε
410 3755 541 3808 θεθπτα...
554 3754 635 3820 ἀμήν.

114 3877 168 3934 15.
193 3868 276 3950 (Fol.
291 3869 466 3951 153-2611.)
492 3869 669 3947 Ἐγκώμιον
691 3871 735 3947 εἰς
749 3871 806 3934 τὸν
829 3870 921 3946 ἅγιον
936 3872 986 3933 καὶ
1000 3872 1214 3949 πανεύφημον
1228 3871 1305 3934 ἀπό-

77 3988 190 4049 στολον
206 3986 256 4047 καὶ
272 3984 486 4064 ίερομάρτυρα
513 3984 708 4063 Τιμόθεον.

235 4109 293 4163 Ine.
303 4109 336 4162 Τί
350 4109 396 4163 δαί
408 4111 423 4162 δ
434 4111 570 4175 Τιμόθεος
583 4116 688 4165 τοῦτον
699 4112 754 4178 γάρ
765 4113 834 4177 μετὰ
846 4112 913 4174 τοὺς
926 4113 1104 4175 ἀποστόλους
1115 4141 1148 4150 -
1159 4113 1219 4166 Des.
1232 4115 1305 4166 δέξαι

201 4211 255 4264 τὸν
283 4211 387 4277 βραχὺν
410 4214 515 4263 τοῦτον
534 4210 613 4264 αἶνον
636 4211 682 4264 καί
704 4213 820 4279 δεήθητι
842 4213 896 4265 σὺν
916 4212 1011 4275 αὐτοῖς
1031 4215 1150 4278 λυθῆναι
1170 4215 1220 4278 μὲν
1243 4217 1306 4279 ἡμῖν

202 4311 321 4365 πάντα...
334 4312 415 4379 ἀμήν.

117 4433 171 4493 16.
194 4427 234 4509 (F
235 4427 276 4492 ol.
299 4428 476 4512 261v-275.)
498 4427 674 4506 Ἐγκώμιον
693 4429 738 4505 είς
752 4430 810 4492 τὸν
825 4429 916 4505 ἅγιον
931 4428 1146 4508 ἱερομάρτυρα
1173 4430 1306 4493 Διονύ-

80 4557 160 4608 σιον
190 4545 249 4607 τὸν
263 4543 494 4623 Ἀρεοπαγίτην.

239 4658 296 4714 Ine.
308 4660 363 4715 Ἐπ’
374 4662 461 4727 ὄρους
474 4663 524 4726 μὲν
536 4662 648 4728 ὑψηλὸν
660 4662 796 4728 ἀναβῆναι
807 4663 860 4715 τόν
870 4663 923 4728 τὴν
936 4665 1013 4716 θείαν
1022 4662 1137 4728 εἰρήνην
1146 4691 1178 4700 -
1191 4663 1251 4715 Des.
1262 4662 1305 4715 καὶ

206 4758 320 4822 άνείδος
332 4760 396 4826 ἡμῖν
405 4761 441 4814 τὰ
450 4759 534 4826 μείζω
548 4760 592 4814 καί
604 4762 759 4827 θειότερα...
771 4763 852 4828 ἀμὴν,
