3284 5536
532 377 623 430 BlssL.
650 378 730 429 ινιτ.
758 377 871 430 mals.
901 400 945 410 -
972 380 1051 432 αοο.
1079 381 1138 433 του.
1405 366 1452 436 73

256 573 290 631 2.
314 567 394 650 (Fol.
412 567 582 651 101-143'.)
598 568 671 645 Βίος
687 571 736 631 καί
761 570 901 632 πολιτεία
916 570 965 632 καί
981 567 1115 649 ἄθλησις
1132 573 1181 634 καί
1205 575 1314 650 μερική
1332 575 1450 653 θαυμά-

214 703 279 747 των
294 685 442 762 διήγησις
467 688 525 748 τοῦ
541 685 637 748 ὁσίου
660 686 782 762 πατρὸς
794 686 883 764 ἡμῶν
899 687 947 748 καί
963 690 1214 765 θαυματουργοῦ
1242 689 1449 769 Σνεφάνου

214 803 273 862 τοῦ
285 801 373 863 νέου.
384 825 417 845 =
429 799 465 864 B.

379 908 440 962 Des.
451 907 538 962 mutil.
551 909 620 974 ὑπὲρ
638 909 705 971 τοὺς
724 907 821 973 ἁγίους
839 910 963 975 πατέρας
976 933 1008 953 =
1029 912 1058 964 P.
1071 913 1111 974 G„
1124 911 1153 975 C,
1172 912 1242 964 1177.
1263 912 1368 966 Desunt
1380 913 1451 969 insu·

344 1025 393 1077 per
402 1008 464 1061 101ίο
477 1008 548 1062 inter
561 1009 674 1074 106107,
689 1009 803 1062 177178.

252 1117 286 1173 3.
311 1108 580 1190 (F01.144-⁶220'.)
601 1108 772 1186 Ἐπιστολὴ
796 1109 1017 1187 Κλήμεντος,
1041 1111 1292 1188 ἀρχιεπισκόπου
1308 1113 1446 1192 Ῥώμης,

212 1225 259 1285 καί
285 1227 430 1300 μαθητοῦ
452 1225 636 1301 κορυφαίου
659 1228 723 1287 τῶν
746 1223 941 1288 ἀποστόλων
962 1224 1100 1303 Πέτρου,
1123 1226 1344 1292 ἀποσταλεῖσα
1359 1230 1443 1307 πρὸς

208 1332 358 1414 Ἰάκωβον
373 1338 430 1399 τὸν
445 1337 590 1414 ἀδελφόν
604 1341 663 1400 τοῦ
676 1338 803 1415 Κυρίου.
814 1360 848 1380 =
859 1337 885 1400 B
896 1337 948 1402 77).

779 1572 880 1643 1735.

241 1748 312 1802 Olim
321 1749 494 1803 Golberflnus
505 1749 579 1813 4749,
591 1754 687 1817 postea
700 1750 801 1817 Regius
810 1750 887 1804 7471.

241 1845 415 1909 chartaceus,
427 1846 555 1899 foliorum
567 1846 623 1909 771,
635 1846 730 1909 07747
744 1855 769 1903 ><
783 1848 886 1912 0¹¹¹,170,
898 1847 976 1901 lineis
988 1849 1082 1916 plenis,
1093 1856 1220 1905 exaratus
1233 1869 1305 1907 saec.
1318 1853 1390 1908 XIV.

250 2001 280 2056 1.
304 1992 384 2075 (701.
401 1993 519 2076 71771.)
540 1994 605 2057 Τοῦ
622 1994 656 2056 ἐν
670 1994 772 2071 ἁγίοις
793 1996 917 2072 πατρὸς
933 1996 1023 2074 ἡμιῦν
1040 1997 1218 2074 Γερμανοῦ,
1233 2004 1293 2064 τοῦ
1308 2001 1443 2076 ἁγιωτά-

209 2129 264 2172 του
292 2109 489 2187 πατριάρχου
520 2109 901 2188 Κωνσταντινουπόλεως,
931 2115 1128 2190 συγγραφής
1162 2115 1224 2176 ὑπὸ
1253 2119 1318 2178 τιῦν
1345 2121 1443 2194 τριῶν

207 2226 408 2303 πατριάρχων
437 2223 675 2303 Ἀλεξανδρείας,
703 2224 886 2305 Ἀντιοχείας
911 2230 960 2290 καί
997 2228 1239 2307 Ἱεροσολύμων,
1274 2234 1345 2309 περὶ
1384 2238 1441 2311 τῆς

207 2340 329 2420 εἰκόνος
341 2345 401 2404 τοῦ
417 2342 528 2419 κυρίου
546 2342 635 2419 ἡμῶν
651 2341 758 2420 Ἰησοῦ
774 2342 924 2420 Χριστοῦ.

370 2457 423 2511 Ιιιο.
436 2459 526 2510 Καλὸν
539 2458 569 2510 δέ
581 2458 626 2511 καί
637 2459 755 2525 ἣδιστον
767 2458 812 2511 καί
823 2460 898 2512 πάνυ
912 2461 1057 2526 ωφέλιμον
1067 2463 1214 2530 κατεφάνη
1228 2481 1307 2527 μου...

244 2562 276 2620 2.
301 2555 382 2639 (701.
395 2557 534 2637 77-114.)
548 2557 614 2620 Τοῦ
630 2559 664 2620 ἐν
679 2559 781 2635 ἁγίοις
795 2559 918 2637 πατρός
934 2560 1024 2636 ἡμῶν
1044 2561 1230 2639 Γρηγορίου,
1253 2563 1434 2627 ἐπισκόπου

204 2671 323 2749 Νύσης,
356 2673 401 2749 εἰς
433 2674 491 2736 τόν
526 2674 595 2750 βίον
631 2677 689 2736 τοῦ
719 2674 812 2750 ἁγίου
845 2675 1055 2752 Γρηγορίου
1089 2680 1147 2739 τοῦ
1174 2682 1437 2757 θαυματουργοῦ,

202 2786 380 2850 ἐπισκόπου
398 2787 646 2864 Νεοκαισαρείας
656 2791 716 2850 τοῦ
732 2787 965 2852 Πόντου.·-·Β.
1292 2791 1374 2856 Νον.
1390 2793 1437 2857 17.

240 2909 275 2967 3.
299 2901 379 2985 (701.
398 2902 554 2986 114-175.)
580 2904 740 2981 Γεωργίου
755 2904 934 2967 ἐπισκόπου
963 2905 1171 2983 Νικομηδείας
1187 2907 1232 2984 είς
1247 2910 1305 2985 τήν
1322 2909 1438 2986 ῦπερα·

190 3019 269 3095 ’γίαν
284 3021 459 3083 δέσποιναν
482 3020 674 3084 Θεοτόκον
696 3019 749 3083 ότε
775 3018 916 3098 ἀπεδόθη
937 3021 1036 3104 ἐντῷ
1059 3027 1127 3103 ναῷ
1152 3024 1353 3100 τριετίζουσα
1369 3024 1432 3088 ὑπὸ

201 3138 264 3199 τῶν
278 3136 404 3211 γονέων
419 3136 527 3213 αὐτῆς.
539 3135 609 3198 =B
624 3135 673 3200 73.

238 3256 273 3313 4.
298 3250 378 3333 (701.
396 3250 583 3334 133v-140v.)
595 3252 781 3330 Μαρτῦριον
793 3256 851 3315 τοῦ
867 3253 960 3329 ἁγίου
978 3256 1027 3316 καί
1043 3253 1178 3318 ἐνδόξου
1195 3253 1359 3333 μάρτυρος
1374 3260 1433 3319 τοῦ

199 3365 336 3444 Χριστοῦ
358 3367 476 3444 Μηνά,
498 3371 557 3431 τοῦ
582 3368 765 3444 Αἰγυπτίου,
777 3371 836 3431 τοῦ
852 3369 886 3431 ἐν
901 3374 946 3449 τῷ
973 3369 1133 3452 Κοτυαείῳ
1156 3372 1434 3449 μαρτυρήσαντος.

200 3481 311 3546 =B3.
1288 3487 1367 3551 Νον.
1386 3488 1433 3551 11.

237 3606 272 3662 5.
295 3597 375 3679 (701.
393 3597 550 3680 171-189.)
566 3598 751 3677 Μαρτῦριον
762 3603 827 3662 τῶν
844 3599 945 3676 ἁγίων
961 3603 1010 3663 καί
1027 3602 1220 3680 κορυφαίων
1235 3602 1432 3667 ἀποστόλων

200 3712 347 3792 Πέτρου
371 3715 420 3777 καί
441 3713 693 3778 Παύλου..-.Β
711 3715 737 3778 1.

237 3837 271 3895 θ.
296 3830 375 3912 (701.
404 3830 575 3914 1897-713.)
604 3832 678 3908 Βίος
715 3833 764 3894 καί
800 3833 940 3895 πολιτεία
969 3837 1027 3910 τῆς
1064 3832 1157 3910 ὁσίας
1193 3834 1341 3912 Μαρίας
1377 3841 1434 3914 τῆς

199 3946 376 4023 Αίγυπτίας,
392 3951 448 4024 τῆς
460 3947 523 4009 ἀπὸ
536 3947 693 4025 ἑταιρίδος
706 3947 901 4025 ἀσκησάσης
917 3949 995 4010 κατὰ
1010 3951 1068 4025 τὴν
1087 3949 1216 4027 ἔρημον,
1232 3954 1434 4030 συγγραφείς

201 4063 234 4124 δὲ
257 4062 346 4139 παρὰ
369 4065 429 4125 τοῦ
451 4061 634 4125 δσιωτάτου
662 4065 710 4125 καί
736 4063 980 4140 μακαριωτάτου
999 4065 1206 4142 Σωφρονίου,
1232 4050 1430 4145 πατριάρχου

199 4182 253 4256 τῆς
274 4178 366 4255 ἁγίας
381 4177 520 4254 Χριστοῦ
535 4180 594 4240 τοῦ
618 4177 704 4240 Θεοῦ
720 4179 811 4257 ἡμῶν
826 4178 1049 4257 ἀναστάσεως.
1063 4220 1096 4240 =
1106 4179 1143 4243 B.

238 4299 272 4356 7.
296 4291 559 4375 (7017137717.)
585 4292 775 4371 Νικηφόρου
803 4296 862 4357 τοῦ
889 4293 1027 4372 ἀνάκτος
1047 4297 1097 4358 καί
1126 4295 1217 4374 όπως
1239 4297 1314 4374 παρ’
1330 4297 1430 4363 αὐτοῦ

199 4406 389 4486 ἀνεκομίσθη
404 4409 441 4472 τό
462 4407 496 4471 ἐκ
521 4413 578 4485 τῆς
592 4412 733 4487 πλευρᾶς
754 4413 811 4487 τῆς
831 4410 957 4486 εἰκόνος
984 4410 1105 4487 ῥεῦσαν
1125 4411 1211 4488 α’ίμα
1233 4416 1341 4475 θεῖον
1371 4418 1430 4477 τοῦ

200 4525 352 4602 Σωτῆρος
367 4525 465 4601 ἡμῶν.

360 4630 414 4684 [nc.
427 4630 468 4684 Οά
480 4630 587 4684 δίκαιον
601 4632 631 4684 δὲ
648 4633 715 4702 οῦδέ
728 4632 807 4685 ὅσιον
820 4632 916 4698 ἐκρινα
929 4639 1021 4700 σιωπῇ
1041 4635 1228 4699 παραδοῦναι,
1239 4635 1379 4702 ἀγαπητοί
1398 4665 1430 4675 -

330 4730 390 4783 Des.
402 4730 486 4783 θυσία
499 4733 547 4794 μὲν
559 4731 699 4784 πέπαυται
711 4730 842 4798 είδολική,
855 4736 933 4785 πάσα
944 4733 974 4785 δέ
986 4734 1003 4798 ἡ
1017 4736 1053 4799 γή
1067 4732 1136 4786 σοί...
1150 4734 1232 4801 ἁμήν.
