3284 5536
1301 345 1349 396 Vll

158 539 251 604 Nunc
265 560 343 604 vero
356 539 398 603 ad
410 557 449 602 ea
464 538 659 602 documenta
675 556 760 619 quae
774 536 841 601 iarn
856 535 942 618 typis
958 534 1046 599 edita
1061 538 1147 612 sunt,
1169 535 1349 600 veniamus.

119 639 168 703 Ne
184 639 315 720 saepius
331 639 447 701 eadem
469 637 588 700 iterare
609 655 743 700 necesse
764 639 861 712 esset,
883 634 994 699 titulos
1016 634 1170 699 librorum
1186 634 1219 698 in
1235 634 1352 698 Biblio-

118 739 205 802 theco
219 737 466 820 hopioqroptriea
492 756 608 818 praeco
633 735 783 799 collectos
807 730 1016 816 nequaquam
1046 734 1265 815 repetivimus
1294 735 1352 798 sed

122 839 213 919 signo
236 836 382 900 adhibito
402 834 654 917 compendiario,
671 835 779 898 littera
797 834 945 897 videlicet
961 843 1000 910 Β,
1015 833 1235 915 expressimus
1257 835 1354 898 docu-

122 941 268 1000 mentum
294 933 481 1015 quodpiam,
506 933 567 996 sub
592 932 676 996 illius
691 931 795 996 saneti
817 930 949 995 nomine
971 929 1014 994 ad
1038 948 1136 1012 quern
1149 930 1298 1008 refertur,
1320 931 1354 995 in

120 1034 288 1118 praedicta
297 1032 493 1096 bibliotheca
504 1031 674 1095 recenseri.
682 1031 794 1107 Porro,
808 1029 939 1112 quando
955 1029 996 1094 de
1008 1029 1124 1094 eodem
1136 1034 1249 1093 sancto
1261 1028 1355 1111 plura

123 1135 208 1198 edila
221 1135 361 1208 exstant,
370 1131 481 1194 addito
493 1148 629 1193 numero
642 1129 685 1193 ibi
695 1148 825 1211 quoque
833 1131 990 1210 usurpato
1001 1127 1130 1192 diversa
1138 1127 1354 1193 distinximus.

124 1232 269 1315 Exempli
285 1251 393 1308 causa,
409 1231 441 1293 in
457 1229 566 1294 codice
585 1229 651 1308 136,
666 1228 808 1293 secundo
822 1228 893 1292 looo
907 1227 1036 1309 legitur:

165 1401 298 1476 Συμεὼν
314 1397 492 1474 μαγίστρου
509 1397 558 1458 καὶ
573 1396 751 1471 λογοθὲτου
767 1395 865 1473 λόγος
878 1395 922 1473 εἰς
936 1396 994 1459 τὸν
1010 1394 1105 1459 ὅσιον
1123 1395 1172 1458 Συ
1179 1396 1278 1473 μεὼν
1299 1396 1356 1458 τὸν

124 1500 218 1580 ἐντῷ
236 1498 355 1577 στύλῳ.
372 1528 402 1546 =
422 1495 488 1558 Bt.
1198 1493 1299 1576 [Sept.
1317 1494 1354 1572 1.]

165 1662 235 1726 Hac
251 1664 360 1723 autem
377 1659 515 1723 formula
531 1657 729 1740 significatur
743 1658 853 1722 Vitam
871 1659 959 1723 illam
973 1658 1059 1742 typis
1081 1658 1204 1724 editam
1226 1679 1307 1738 esse,
1324 1664 1357 1724 et

126 1765 158 1826 in
176 1759 365 1824 Bibliotheca
391 1758 641 1843 ltuploproptieo
655 1758 845 1839 inscriptam
861 1759 921 1822 sub
936 1758 1067 1823 nomine
1082 1758 1253 1841 Symeonis
1275 1759 1358 1824 illius

126 1861 254 1943 stylitae
264 1860 318 1941 qui
330 1861 343 1922 1
355 1857 549 1941 septembris
558 1857 681 1934 colitur,
690 1857 1322 1935 seniorisvidelicet;numerus2litterae
1332 1859 1358 1923 B

124 1961 295 2043 appositus
311 1959 431 2022 indicat
447 1958 532 2021 hanc
547 1958 656 2021 Vitam
666 1977 732 2021 non
747 1957 887 2038 primam
903 1957 990 2021 illam
1010 1978 1081 2022 esse
1097 1958 1357 2041 intellegendam,

126 2081 225 2142 quam
241 2058 368 2140 scripsit
383 2058 618 2135 'l'lreodoretus
631 2057 687 2120 sed
704 2077 777 2121 eam
803 2076 888 2139 quae
910 2060 1018 2121 exstat
1032 2057 1117 2123 inter
1135 2077 1236 2140 opera
1257 2058 1359 2122 Meta-

126 2161 280 2242 phrastae
297 2163 329 2221 et
346 2158 377 2220 in
394 2155 585 2220 Bibliotheca
599 2176 735 2221 numero
751 2158 770 2219 i
785 2157 936 2239 insignita
951 2160 1009 2222 est

169 2310 251 2373 Cum
266 2308 414 2389 plerique
429 2307 555 2370 codices
569 2305 602 2369 in
618 2306 811 2370 membrana
833 2306 959 2371 exarati
981 2306 1055 2385 sint,
1068 2306 1154 2372 solos
1168 2307 1359 2372 chartaceos

128 2409 284 2473 materiae
300 2408 466 2472 mentione
481 2406 678 2489 distinguere
693 2405 773 2470 satis
788 2409 869 2470 erat.

167 2556 300 2619 Tabulis
316 2559 470 2637 quattuor
482 2574 539 2619 seu
555 2554 713 2619 indicibus
727 2554 808 2619 liber
823 2553 992 2619 clauditur.
1004 2553 1114 2620 Prima
1124 2555 1255 2632 tabella,
1274 2575 1359 2639 quae

126 2656 381 2737 menologiorum
400 2659 459 2729 est,
471 2655 518 2718 uti
533 2659 687 2736 poterunt
699 2654 895 2738 quicumque
906 2655 1054 2718 ordinem
1065 2674 1176 2720 rerum
1187 2655 1358 2721 restituere

127 2757 269 2838 cupiunt.
287 2757 333 2816 [te
345 2755 496 2829 secunda,
513 2774 597 2835 quae
613 2774 725 2817 eorum
739 2757 788 2818 est
803 2754 858 2835 qui
873 2754 999 2818 codices
1014 2753 1190 2836 aliquando
1204 2755 1358 2837 possode

126 2861 202 2921 runt
232 2856 281 2918 vel
308 2854 577 2917 bibliothecarum
603 2855 777 2935 exquibus
802 2853 945 2917 Parisios
974 2853 1063 2918 allati
1092 2859 1177 2933 sunt,
1202 2855 1356 2921 lectorem

126 2957 286 3021 monitum
302 2954 396 3018 velim
412 2953 618 3016 concordiam
632 2972 844 3017 numerorum
865 2953 1075 3035 antiquorum
1097 2974 1172 3018 curn
1193 2954 1358 3020 hodiernis

127 3077 193 3121 non
208 3056 351 3118 omnium
364 3053 520 3130 codicum,
529 3051 586 3115 sed
600 3053 728 3116 nonnisi
740 3053 1357 3135 ColbertlnorumFonteblaudensium,

128 3156 304 3237 Regiorum
320 3153 498 3216 exhibitam
516 3152 623 3229 fuisse,
646 3157 838 3231 ceterorum,
860 3156 974 3235 utpote
996 3173 1080 3236 quae
1095 3154 1360 3236 superlluavide·

128 3258 234 3332 batur,
260 3275 330 3319 esse
352 3272 571 3335 suppressam.
598 3252 633 3315 tn
654 3252 759 3317 indico
780 3257 979 3330 sanctorum,
999 3253 1053 3337 qui
1082 3254 1276 3336 praecipuus
1299 3259 1358 3334 est,

128 3355 252 3426 eodem,
270 3354 357 3435 quod
370 3355 401 3416 in
417 3373 551 3434 corpore
563 3352 634 3416 libri
648 3354 885 3435 usurpavimus,
898 3355 1028 3437 signoB
1047 3353 1112 3432 1,ss
1127 3355 1188 3432 im,
1200 3374 1240 3418 ea
1250 3355 1361 3421 omnia

128 3456 313 3519 notavimus
338 3474 422 3535 quae
448 3453 480 3516 in
509 3452 700 3515 Bibliotheca
723 3453 971 3537 lnrqioprapht'co
995 3474 1110 3538 praeco
1133 3454 1257 3517 inserta
1274 3458 1359 3520 sunt.

128 3556 203 3619 Dies
219 3553 339 3617 mensis
352 3554 406 3634 qui
422 3556 608 3617 sanctorum
620 3553 805 3618 nominibus
820 3553 990 3635 appositus
1007 3556 1065 3629 est,
1080 3553 1168 3618 idem
1189 3552 1243 3617 ille
1258 3558 1308 3618 est
1319 3554 1360 3618 do

129 3676 192 3738 qno
215 3655 360 3717 codicum
387 3654 571 3718 testimonio
593 3657 736 3730 constat;
752 3673 807 3717 eos
829 3656 958 3717 tantum
980 3673 1134 3717 numeros
1149 3654 1262 3737 excipe
1277 3675 1360 3737 quos

127 3755 315 3837 parenthesi
340 3755 535 3818 inclusimus.
558 3754 703 3835 Denique
740 3753 773 3817 in
798 3754 938 3817 indicem
982 3757 1152 3818 auctorum
1192 3773 1248 3818 eos
1274 3755 1360 3819 solos

127 3856 309 3918 rettulimus
345 3855 398 3936 qui
434 3856 467 3918 in
503 3854 580 3936 ipsis
616 3855 772 3919 librorum
814 3853 1112 3936 manuscriptorum
1149 3853 1360 3919 lemmatibus

128 3961 203 4021 sunt
219 3955 372 4036 expressi.
