3284 5536
511 368 601 419 amu.
629 367 708 418 uua.
737 367 849 418 rums,
870 388 916 397 -
943 367 1022 419 cou.
1050 366 1125 419 4ο44.
1362 347 1431 420 981

244 566 299 623 10.
322 558 897 641 (101.9341-945’.)Δ4ήγησιςμερ4κή
914 560 984 637 περὶ
1007 562 1066 622 τοῦ
1081 559 1256 637 γενομένου
1273 560 1436 637 θαύματος

200 673 287 752 παρὰ
297 677 357 737 τοῦ
372 674 572 740 πανενδόξου
595 674 740 753 Μιχαὴλ
762 676 821 737 τοῦ
842 674 1100 752 ἀρχιστρατήγου
1117 674 1151 738 ἐν
1165 677 1234 752 ταῖς
1248 674 1380 753 Χώναις.
1400 706 1433 726 =

198 787 269 852 133.
340 857 348 871 .

243 920 298 976 11.
320 912 399 994 (Ful.
422 913 612 996 945'·268'.)
638 913 712 991 Βίος
736 915 786 977 καὶ
807 914 948 978 πολιτεία
973 917 1022 978 καὶ
1046 914 1170 992 ἀγῶνες
1193 918 1250 993 τῆς
1272 913 1365 990 ὁσίας
1388 915 1437 976 καὶ

202 1029 357 1106 μακαρίας
372 1031 492 1107 μητρὸς
507 1030 596 1107 ἡμῶν
619 1029 826 1107 θεοδιίιρας
847 1035 904 1107 τῆς
920 1030 954 1093 έν
969 1029 1228 1112 Ἀλεξανδρείας
1244 1028 1269 1092 Β
1284 1028 1314 1092 9.

242 1167 297 1225 12.
319 1160 398 1241 (rol.
410 1161 602 1243 96819901.)
612 1162 686 1238 Βίος
699 1163 748 1224 καὶ
760 1164 901 1224 πολιτεία
916 1164 965 1224 καὶ
977 1163 1152 1240 μαρτῦριον
1163 1165 1222 1225 τοῦ
1235 1161 1338 1238 ἁγίου,
1347 1161 1436 1225 ένδό·

198 1281 255 1341 ξου
272 1277 462 1340 ἀποστόλου
486 1276 659 1354 Ἀνδρέου
682 1281 742 1340 τοῦ
757 1279 1000 1354 πρωτοκλήτου.
1291 1276 1371 1341 Νον.
1387 1277 1438 1341 30.

362 1391 416 1446 ίιισ.
428 1391 459 1446 ‘O
470 1393 675 1459 πρωτόκλητος
694 1397 754 1445 τιῦν
767 1393 938 1446 ἀποστόλων
957 1392 1083 1458 Ἀνδρέας
1105 1394 1120 1444 ὁ
1140 1391 1260 1457 ἐπίγειος
1272 1393 1392 1458 ἀγγελος
1405 1421 1438 1430 -

330 1491 391 1545 Das.
404 1490 442 1555 είς
454 1491 572 1558 Πάτρας
584 1493 638 1558 τήν
647 1492 729 1545 πόλιν
738 1493 794 1558 πρό
808 1491 870 1557 μίας
883 1493 1033 1546 καλόνδων
1046 1492 1227 1559 δεκεμβρίων,
1239 1493 1313 1546 ὅπου
1326 1493 1437 1559 εῦεργε-

331 1592 392 1654 σίας
404 1591 584 1657 παρέχωνται
596 1591 674 1658 μέχρι
685 1595 736 1658 τῆς
749 1592 899 1658 σήμερον...
912 1593 993 1658 ἀμήν.

243 1713 297 1771 13.
320 1706 399 1788 (101.
421 1707 611 1787 19010971.)
636 1707 670 1770 Ἡ
691 1707 869 1786 ἀνάμνησις
884 1713 940 1786 τῆς
962 1709 1095 1772 εἰσόδου
1112 1713 1168 1786 τής
1190 1708 1433 1786 ἀχειροτεόκτου

199 1827 330 1900 μορφῆς
345 1825 403 1885 τοῦ
419 1824 531 1900 κυρίου
545 1843 595 1885 και
611 1826 688 1886 θεοῦ
706 1825 755 1886 καὶ
766 1829 921 1901 σωτῆρος
934 1824 1024 1901 ἡμῶν
1039 1823 1163 1900 Ἰησοῦ
1187 1824 1221 1887 ἐκ
1235 1827 1292 1900 τής
1307 1822 1438 1900 Ἐδεση·

201 1940 268 2001 νῶν
289 1937 416 2014 πόλεως
438 1938 482 2015 είς
508 1938 627 2015 ταύτην
649 1940 707 2015 τήν
729 1941 955 2017 θεοφόλακτον
978 1940 1027 2001 καὶ
1053 1940 1200 2017 βασιλίδα
1224 1943 1290 2002 τῶν
1311 1939 1439 2003 πόλεων

200 2051 481 2130 ἀνακομισθείσης.
1290 2055 1372 2137 Aug.
1385 2055 1433 2118 16.

364 2169 419 2223 Inc.
431 2170 487 2235 Τής
508 2170 762 2236 αῦτοαγαθότητος
774 2174 826 2222 τοῦ
838 2169 939 2236 κυρίου
953 2169 998 2224 καί
1011 2171 1134 2235 μεγάλου
1153 2171 1226 2224 Θεοῦ
1240 2169 1285 2224 καί
1303 2175 1434 2238 σωτῆρος

332 2267 445 2335 ἡμῶνἸ.
454 2268 590 2321 Χ.-ί)εο.
600 2268 630 2321 έν
641 2273 683 2335 τῷ
693 2273 754 2335 ναῷ
766 2272 817 2335 τῆς
831 2270 976 2322 θεοτόκου
989 2272 1040 2334 τῆς
1053 2269 1250 2336 ἐπιλεγομένης
1260 2274 1312 2323 τοῦ
1326 2271 1434 2337 Φόρου,

332 2368 420 2421 ἐκεῖσε
433 2368 587 2422 κατέθεντο
599 2368 633 2420 τό
646 2368 736 2433 τίμιον
750 2368 794 2421 καί
807 2369 888 2433 ἅγιον
900 2369 1076 2434 ἐκτὺπωμα...
1090 2369 1172 2435 ἀμήν.

246 2490 300 2546 14
322 2483 400 2565 (Fal.
416 2483 603 2566 iau-3042)
630 2484 703 2560 Βίος
719 2486 768 2546 καὶ
783 2484 924 2547 πολιτεία
938 2487 997 2547 τοῦ
1020 2484 1055 2547 έν
1076 2483 1177 2561 ἁγίοις
1199 2485 1320 2561 πατρὸς
1342 2485 1432 2563 ἡμῶν

201 2595 377 2662 Ἰωάννου
400 2598 651 2678 ἀρχιεπισκόπου
669 2600 1040 2676 Κωνσταντινουπόλεως
1054 2603 1113 2662 τοῦ
1130 2599 1378 2677 Χρυσοστόμου.

1287 2714 1369 2779 Νον.
1387 2716 1434 2779 13.

365 2827 419 2883 ίπσ.
429 2829 521 2893 Οῦτος
534 2829 632 2883 τοίνυν
651 2830 888 2894 δγενναιιίιτατος
910 2829 955 2881 καί
968 2830 1140 2895 σοφώτατος
1162 2829 1207 2882 καί
1225 2830 1391 2895 ἀξιάγαστος
1404 2859 1438 2869 -

331 2929 393 2982 Des.
414 2929 441 2983 οί
460 2928 596 2995 Ἀθηναῖοι
617 2928 762 2995 θεωρῆσαί
780 2945 843 2982 τινα
864 2930 1077 2995 ὑπερβάλλοντα
1097 2929 1201 2993 αὐτοὺς
1222 2930 1252 2982 ἐν
1272 2928 1376 2997 είδήσει
1389 2931 1435 2984 καί

332 3027 429 3096 σοφίᾳ,
441 3030 561 3093 μάλιστα
573 3030 653 3082 ξένον
665 3031 716 3094 τής
728 3029 838 3091 πόλεως
851 3028 956 3080 αῦτιῦν.

363 3127 512 3196 Sequanias
525 3127 619 3181 titulos
631 3131 686 3181 tres
706 3127 751 3181 hic
763 3127 944 3181 exscribimus
962 3132 1077 3180 lantum.
1090 3127 1218 3181 Codicum
1231 3128 1313 3193 enim,
1328 3129 1376 3198 qui
1387 3129 1435 3182 diu

333 3243 349 3279 a
360 3226 527 3280 bibliotheca
538 3227 631 3306 abfuit,
644 3227 752 3281 nonnisi
765 3227 852 3281 obiter
860 3227 993 3295 inspicere
1009 3227 1157 3294 potuimus,
1175 3243 1226 3281 nac
1239 3228 1365 3283 historias
1376 3229 1438 3283 illas

332 3326 439 3394 legendi
451 3326 529 3395 copia
540 3326 604 3381 data
616 3331 666 3380 ast.

364 3425 431 3492 (rol.
443 3426 524 3491 304'.)
541 3425 612 3493 Περί
624 3425 763 3491 Ἀνθεμίου
776 3429 828 3479 τοῦ
842 3430 993 3492 σοφιστοῦ.
1005 3426 1083 3493 Ἀνήρ
1105 3426 1136 3479 δέ
1148 3443 1189 3490 τις
1201 3426 1236 3492 ἦν
1248 3426 1278 3481 ἐν
1288 3426 1427 3494 Ἀθήναις..

364 3525 431 3589 (Ful.
450 3526 530 3591 393.)
556 3525 627 3592 Περί
647 3525 778 3586 Ἡσυχίου
801 3524 998 3590 μοναχοῦ.Ἠν
1019 3526 1050 3579 δέ
1070 3542 1111 3589 τις
1135 3527 1321 3594 ἀναχωρητής
1343 3527 1373 3581 ἐν
1394 3499 1437 3596 rui

333 3624 515 3692 μοναστηρίιρ
528 3626 643 3691 Σῦρος...

364 3723 432 3789 (Fol.
443 3724 585 3791 31833οῑ)
599 3725 700 3790 θαῦμα
716 3728 842 3790 πρῶτον.
854 3723 930 3790 Ἀνήρ
949 3725 1003 3790 γάρ
1015 3741 1056 3788 τις
1074 3730 1134 3778 τῶν
1151 3726 1181 3778 ἐν
1192 3725 1338 3794 Ἀντιοχείᾳ
1350 3728 1435 3780 πλοῦ·

330 3837 415 3886 σιος...
428 3851 461 3860 -
478 3823 541 3876 Des.
561 3827 613 3875 τοῦ
627 3827 744 3888 σεισμοῦ
757 3822 803 3875 καί
815 3826 866 3888 τῆς
878 3824 1015 3888 κινήσεως
1028 3824 1104 3889 έστη.
1116 3823 1208 3878 Unum
1221 3828 1329 3878 tantum
1342 3840 1434 3878 narra·

330 3925 375 3975 tur
386 3920 560 3976 miraculum.

247 4045 301 4103 15.
323 4037 403 4117 (Fol.
417 4037 596 4120 4991436.)
607 4038 674 4102 Τοῦ
688 4039 781 4115 ἁγίου
799 4038 987 4102 ἀποστόλου
1011 4039 1132 4116 Θωμῦ.
1148 4072 1179 4091 =
1194 4039 1260 4107 ΒΞ.
1321 4040 1390 4105 Oet.
1405 4041 1435 4105 6.

245 4176 300 4234 16.
322 4169 402 4251 (Fol.
417 4169 671 4251 136437ι.)ῖοο
684 4169 777 4245 ἁγίου
790 4169 978 4233 ἀποστόλου
992 4172 1041 4232 καὶ
1054 4171 1283 4246 εὐαγγελιστοῦ
1298 4171 1435 4234 Λουκοῖ.

1301 4286 1372 4351 Οοί.
1386 4288 1435 4351 18.

363 4402 419 4454 ίπα.
432 4402 540 4465 Λουκᾶς
554 4403 569 4453 δ
580 4402 665 4466 μέγας
678 4401 877 4468 εῦαγγελιστής
890 4402 925 4467 ἡν
939 4404 994 4454 ἀπό
1006 4401 1208 4466 Ἀντιοχείας-
1222 4403 1282 4456 Des.
1295 4404 1435 4470 ἐξενεχθή-

330 4517 376 4553 ναι
389 4502 423 4552 τό
435 4504 568 4554 τοιοῦτον
581 4502 668 4554 καλόν
680 4501 726 4554 καί
738 4500 849 4564 εὐσεβές
861 4500 906 4555 καί
920 4503 1057 4566 πάντιμον
1070 4502 1165 4567 ἔργον.

246 4623 299 4680 17.
323 4614 360 4697 (F
361 4616 400 4679 οί.
415 4615 577 4695 430415.)
589 4616 663 4681 vita
677 4621 810 4681 sanctae
832 4616 1121 4700 Euphrosynae.
1133 4648 1165 4667 =
1180 4618 1206 4682 B
1224 4619 1250 4682 1.

367 4733 569 4801 Fragmentum,
582 4733 658 4788 initio
671 4740 697 4788 εί
709 4735 762 4789 fine
776 4734 910 4798 mutilum,
924 4734 1094 4790 videlicetcc.
1107 4751 1180 4788 ιι4·κ4.

1305 4836 1338 4889 35
