3284 5536
329 421 421 475 ιαοι.
447 421 529 473 ιιιτ.
555 422 668 475 Ρκιιιε.
688 444 735 455 -
762 423 841 478 con.
867 424 976 478 co1s1..
1003 424 1062 478 ουτ.
1242 405 1316 479 315

82 617 194 692 φεῖσαι
218 614 304 692 παρὰ
330 613 515 692 Προχώρου
540 617 684 692 μαθητοῦ
708 613 819 689 αὐτοῦ,
845 615 919 693 ἑνὸς
946 619 1011 680 τῶν
1041 616 1119 680 ἑπτὰ
1144 617 1312 691 διακόνων,

82 729 219 808 ἀνεψιοῦ
237 729 407 808 Στεφάνου
423 733 482 793 τοῦ
498 729 784 809 πρωτομάρτυρος.
800 730 878 796 =B
895 732 921 794 1.
1161 731 1251 815 Sept.
1265 733 1316 797 96.

124 871 156 928 5.
181 862 260 945 (101.
288 863 445 946 117-141.)
461 863 535 940 Βίος
554 865 603 926 καὶ
619 864 760 927 πολιτεία
782 866 832 927 καὶ
850 865 1024 943 μαρτύριον
1046 868 1105 929 τοῦ
1121 864 1213 942 ἁγίου
1236 865 1316 945 ἱερο·

82 979 246 1058 μάρτυρος
269 981 482 1057 Γρηγορίου
504 985 562 1058 τῆς
577 980 715 1058 μεγάλης
731 979 896 1059 Ἀρμενίας.
915 1013 949 1033 =
967 981 993 1045 Β
1008 982 1036 1045 9.
1160 981 1249 1065 Sept.
1265 983 1315 1048 30.

123 1119 155 1177 6.
177 1110 257 1194 (801.
271 1112 429 1195 141-163.)
441 1112 627 1190 Μαρτῦριον
638 1117 697 1177 τοῦ
710 1114 802 1189 ἁγίου
815 1113 1100 1193 μεγαλομάρτυρος
1114 1113 1278 1194 Ἀρτεμίο
1287 1137 1315 1179 υ.

85 1260 119 1280 =
136 1228 207 1292 Β9.
1179 1229 1249 1296 Oct.
1264 1231 1316 1295 90.

124 1351 157 1408 7.
180 1343 439 1425 (101163-180.)
464 1344 651 1422 Μαρτῦριον
676 1349 735 1409 τοῦ
762 1345 856 1421 ἁγίου
882 1345 1167 1424 μεγαλομάρτυρος
1191 1345 1317 1425 Ἀρέθα

83 1462 212 1524 καὶτῶν
230 1463 294 1524 σὺν
310 1459 396 1542 αὐτῷ
412 1460 624 1537 ἀθλησάντων
641 1462 741 1538 ἁγίων
756 1463 928 1541 μαρτύρων
950 1464 1000 1525 καὶ
1017 1462 1144 1541 ἱστορία
1158 1467 1223 1526 τῶν
1239 1464 1318 1526 κατά

83 1577 191 1654 χώρας
206 1576 279 1638 τότε
293 1577 509 1654 πραχθέντων.
525 1601 558 1620 =
572 1576 638 1640 Β9.
680 1558 684 1564 “
1183 1578 1254 1642 Oct.
1265 1579 1315 1643 91.

124 1713 156 1771 8.
179 1706 216 1789 (F
218 1705 258 1770 ol.
281 1707 454 1789 180-1811.)
477 1708 663 1786 Μαρτῦριον
685 1713 749 1773 τῶν
771 1708 871 1786 ἁγίων
896 1711 1068 1789 μαρτύρων
1091 1710 1316 1789 Μαρκιανοῦ

83 1823 133 1885 καὶ
149 1823 336 1901 Μαρτυρίου
354 1828 419 1887 τιῦν
433 1825 602 1902 νοταρίων.
614 1850 647 1869 --
658 1825 693 1888 Β.
1183 1825 1254 1891 001.
1265 1827 1315 1891 95.

125 1953 157 2012 9.
177 1947 257 2029 (101.
275 1948 463 2030 1811-1871.)
486 1949 671 2028 Μαρτύριον
690 1953 749 2013 τοῦ
772 1949 864 2026 ἁγίου
888 1951 1171 2030 μεγαλομάρτυρος
1192 1952 1315 2031 Δημη·

84 2063 332 2141 τρίου.εΒ9.
1178 2067 1248 2133 Oct.
1263 2068 1314 2132 96.

127 2195 182 2252 10.
207 2187 286 2270 (101.
311 2189 499 2270 1871-9011.)
526 2190 600 2267 Βίος
625 2192 674 2253 καὶ
700 2191 839 2254 πολιτεία
864 2195 923 2254 τοῦ
947 2190 1044 2255 ὁσίου
1074 2195 1197 2269 πατρὸς
1224 2192 1316 2271 ἡμιῦν

85 2301 296 2381 Ἀβραμίου.
311 2331 344 2350 =
358 2304 385 2368 B
399 2306 427 2369 9.
1178 2307 1248 2372 oct.
1263 2308 1313 2372 99.

129 2445 182 2499 11.
204 2435 285 2518 (801.
302 2437 477 2520 9099051.)
493 2439 566 2515 Βίος
583 2441 631 2500 καὶ
647 2439 787 2501 πολιτεία
801 2443 866 2502 τιῦν
878 2439 979 2515 ἁγίων
994 2442 1044 2503 καὶ
1059 2444 1316 2518 θαυματουργιῦν

86 2551 279 2630 ἀναργῦρων
302 2553 429 2630 Κοσμὰ
448 2556 497 2616 καὶ
519 2555 727 2632 Δαμιανοῦ.
743 2575 776 2595 =
790 2554 816 2618 B
832 2555 860 2618 9.
1189 2555 1270 2620 Νον.
1289 2557 1316 2620 1.

127 2690 181 2748 12.
206 2684 492 2769 (8019051-9081.)
517 2686 686 2764 Ἀρκαὸίου
710 2687 888 2750 ἐπισκόπου
910 2686 1039 2765 Κύπρου
1067 2687 1171 2766 ὁμιλία
1193 2688 1237 2765 είς
1258 2689 1315 2752 τὸν

82 2800 173 2877 ἁγιον
188 2802 454 2880 μεγαλομάρτυρα
477 2804 674 2881 Γεώργιον.
1190 2805 1269 2870 Νον.
1286 2804 1315 2868 3.

246 2919 300 2971 ίπο.
312 2920 449 2983 Συγκαλεῑ
456 2921 538 2972 πάλιν
552 2921 631 2985 ἡμᾶς,
643 2919 666 2971 ἀι
679 2920 863 2985 φιλόχριστοι,
874 2919 889 2972 ὁ
900 2920 1091 2986 φιλόστοργος
1101 2952 1133 2961 -
1144 2921 1206 2975 Des.
1216 2922 1251 2974 σὺ
1260 2923 1315 2988 γὰρ

211 3019 297 3082 μόνος
310 3020 516 3085 ἀναμάρτητος,
529 3019 564 3072 σὺ
577 3019 664 3082 μόνος
677 3020 903 3084 φιλάνθρωπος...
917 3019 998 3086 ἀμήν.

124 3134 178 3191 13.
202 3125 602 3206 (801.909-995.)Ῐοῦέν
628 3125 730 3203 ἁγίοις
754 3128 876 3203 πατρὸς
901 3126 991 3205 ἡμῶν
1017 3127 1139 3204 Μιχαὴλ
1165 3132 1308 3205 μοναχοῦ

82 3243 131 3304 καὶ
147 3242 327 3317 συγκίλλου
344 3242 443 3318 λόγος
458 3242 502 3318 εἰς
514 3241 622 3319 πάσας
637 3242 693 3318 τάς
709 3242 922 3318 ἐπουρανίους
938 3241 1093 3320 δυνάμεις.
1188 3241 1268 3306 Νον.
1281 3242 1311 3305 8.

244 3356 291 3410 Ed.
304 3357 442 3420 Comus,
453 3358 517 3410 Nov.
528 3358 651 3420 Auctor„
663 3358 683 3419 1,
697 3357 810 3410 159876.

125 3461 179 3516 14.
202 3453 280 3531 (Fol.
304 3454 491 3536 9951-3031.)
507 3454 582 3543 Βίος
604 3456 653 3517 καὶ
668 3456 808 3518 πολιτεία
823 3459 882 3518 τοῦ
898 3455 932 3519 ἐν
954 3456 1056 3532 ἁγίοις
1077 3456 1199 3533 πατρὸς
1221 3455 1311 3534 ἡμῶν

81 3567 257 3633 Ἰωάννου
280 3570 532 3648 ἀρχιεπισκόπου
549 3571 922 3648 Κωνσταντινουπόλεως
935 3575 995 3635 τοῦ
1010 3571 1258 3650 Χρυσοστόμου.

82 3686 200 3750 =B4.
1167 3686 1249 3752 Nov.
1266 3687 1313 3752 13.

125 3810 180 3867 15.
202 3802 281 3885 (Fol.
297 3801 471 3885 3171-398.)
487 3802 604 3880 Νικήτα
619 3803 758 3881 ῥήτορος
772 3807 832 3866 τοῦ
848 3804 1078 3882 Παφλαγιῦνος
1093 3803 1251 3880 ἐγκώμιον
1266 3803 1310 3881 εἰς

80 3919 138 3981 τὸν
159 3917 252 3993 άγιον
273 3920 322 3980 καὶ
342 3919 571 3995 πρωτόκλητον
594 3917 772 3994 Ἀνδρέαν
793 3920 852 3981 τὸν
876 3919 1090 3997 πανεύφημον
1115 3917 1312 3981 ἀπόστολον.

84 4065 118 4085 =
136 4033 162 4097 B
177 4034 205 4097 8.
1165 4031 1246 4097 Nov.
1262 4032 1313 4096 30.

126 4165 179 4223 16.
202 4158 282 4240 (Fol.
310 4158 485 4241 3983411.)
513 4159 587 4236 Βίος
614 4161 662 4222 καὶ
691 4159 832 4222 πολιτεία
860 4162 919 4222 τοῦ
949 4159 1045 4222 ὁσίου
1074 4158 1197 4236 πατρὸς
1222 4157 1313 4235 ἡμῶν

80 4273 255 4338 Ἰωάννου
278 4278 337 4338 τοῦ
363 4276 586 4353 Δαμασκηνοῦ
609 4277 811 4353 συγγραφεὶς
834 4275 921 4352 παρὰ
942 4273 1090 4339 Ἰωάννου
1113 4273 1310 4352 πατριάρχου

81 4388 323 4468 Ἱεροσολύμων.
339 4416 371 4434 =
385 4391 412 4454 B
426 4392 452 4453 1.
1191 4388 1266 4453 Dec.
1280 4389 1311 4454 4.

125 4528 179 4584 17.
203 4519 690 4604 (101.3111-3401.)Μαρτύριον
711 4527 767 4600 τῆς
790 4521 880 4598 ἁγίας
902 4521 1036 4587 ἐνδόξου
1059 4522 1109 4584 καὶ
1132 4520 1309 4583 καλλινίκου

82 4636 246 4715 μάρτυρος
261 4641 319 4700 τοῦ
336 4637 474 4715 Χριστοῦ
498 4638 705 4716 Βαρβάρας.
720 4664 752 4684 =
767 4638 833 4702 Β9.
1191 4636 1266 4701 Dec.
1280 4636 1310 4700 4.

126 4776 180 4834 18.
204 4768 575 4852 (Γσί.3461-3591.)Βίος
598 4773 647 4834 καὶ
669 4772 811 4834 πολιτεία
826 4773 884 4834 τοῦ
900 4771 934 4834 ἐν
956 4770 1058 4847 ἁγίοις
1078 4770 1200 4847 πατρὸς
1219 4769 1311 4848 ἡμῶν
