3284 5536
317 355 391 430 ‘240
625 377 716 429 BIBL.
744 376 825 429 πιτ.
851 377 965 428 mus.
984 395 1032 406 -
1058 375 1137 428 σου.
1165 371 1240 426 ιιιιι.

874 681 1005 756 4540.

351 845 422 900 Olim
433 845 605 900 Colbertinus
619 846 691 910 1938,
703 850 800 914 postea
816 845 916 912 Regius
928 845 1013 898 44474.

351 944 491 1000 Foliorum
502 947 560 1010 413,
568 947 663 1010 0³,275
678 953 703 1004 ><
717 947 814 1010 011668
824 944 904 999 lineis
915 945 1010 1012 plenis,
1021 947 1148 998 exaratus
1165 958 1237 997 saec.
1247 941 1291 996 x1.

351 1044 435 1099 Deest
446 1044 544 1100 folium
553 1045 623 1099 inter
635 1044 668 1098 14
685 1045 765 1109 et153
778 1044 833 1099 duo
845 1043 912 1098 folia
923 1043 994 1097 inter
1006 1044 1037 1096 16
1048 1046 1076 1096 οι
1093 1042 1132 1106 17,
1142 1057 1230 1096 unum
1241 1041 1312 1095 inter
1327 1041 1356 1094 17
1370 1044 1401 1094 et
1415 1040 1455 1104 18,
1468 1055 1565 1095 rursus

319 1159 405 1198 unum
415 1143 487 1198 inter
499 1145 543 1199 151
557 1148 585 1198 σί
599 1144 658 1209 152;
671 1144 782 1212 insuper
795 1145 826 1197 16
838 1147 902 1196 ουλε
915 1143 947 1196 15
958 1141 1150 1196 collocandum
1160 1145 1209 1195 est.

352 1243 409 1296 Fol.
426 1244 467 1308 64,
480 1241 509 1297 in
525 1242 580 1297 fine
600 1243 805 1310 scriptumest:
826 1242 912 1309 Ζήτει
924 1246 976 1295 τοῦ
995 1240 1077 1306 ἁγίου
1090 1239 1230 1306 Λογγίνου
1248 1241 1441 1295 ἑξκαιδεκάτιν
1460 1240 1565 1305 έμπρσ

320 1346 389 1397 σθεν
400 1343 456 1397 ἁπό
467 1346 528 1396 τῶν
537 1342 626 1407 ἁγίων
637 1341 808 1409 Χρυσὰνθου
821 1341 867 1395 καί
878 1339 1008 1408 Δαρείας.

363 1490 700 1574 1.(1·'01.126‚1-10.)
725 1489 846 1569 Πρᾶξις
870 1493 930 1554 τοῦ
956 1489 1049 1566 ἁγίου
1074 1489 1188 1567 θωμῦ
1208 1491 1268 1552 τοῦ
1296 1487 1494 1552 ἁποστὸλου
1523 1488 1558 1552 έν

320 1604 411 1690 Ἰνδίᾳ
424 1605 478 1670 ὅτε
491 1607 529 1670 τὸ
541 1605 696 1684 οῦρὰνιον
710 1605 864 1669 παλάτιον
880 1606 1004 1669 ἔκτισεν
1018 1610 1063 1688 τῷ
1077 1607 1201 1684 βασιλεῖ
1216 1604 1251 1668 ἐν
1267 1603 1383 1687 Κυρίῳ.
1401 1636 1434 1656 ==
1452 1603 1480 1668 B
1495 1604 1522 1667 1.

482 1721 546 1776 Scil.
554 1738 571 1785 1,
583 1738 610 1786 11,
623 1737 710 1789 usque
722 1721 757 1774 ad
770 1737 796 1775 n.
807 1720 842 1775 88
852 1720 889 1775 in.
901 1736 965 1775 cum
978 1719 1132 1787 doxologia.

360 1825 393 1883 2.
415 1818 493 1903 (Fol.
522 1819 638 1902 10-18.)
664 1819 852 1898 Μαρτύριον
877 1823 944 1884 τῶν
974 1819 1075 1895 ἁγίων
1096 1818 1258 1896 Σεργίου
1282 1819 1332 1881 καί
1362 1816 1504 1896 Βάκχου.
1522 1850 1562 1870 =

324 1933 441 1998 146810.

362 2054 395 2112 3.
416 2046 494 2130 (Fol.
512 2047 629 2131 18-33.)
645 2049 718 2125 Βίος
733 2049 784 2111 καί
798 2048 939 2112 πολιτεία
949 2050 1012 2111 τοῦ
1028 2047 1120 2126 ἁγίου
1143 2046 1331 2124 Ἰακώβου.
1442 2046 1516 2112 oet.
1532 2047 1564 2111 9.

486 2161 541 2216 lnc.
550 2163 672 2216 Πολλῶν
682 2162 727 2216 καί
736 2163 935 2229 ἁνεκλαλήτων
945 2164 1062 2228 ἀγαθῶν
1073 2161 1119 2216 καί
1131 2165 1308 2228 ψυχοφελῶν
1318 2161 1495 2229 εὐεργεσιῶν
1503 2164 1564 2225 τοῖς

453 2261 595 2327 φιλοθέοις
605 2290 636 2299 -
646 2262 708 2315 Des.
717 2261 867 2328 εῦκτήριον
877 2261 955 2314 οίκον
966 2263 1038 2328 πρὸς
1050 2262 1084 2314 τὸ
1098 2260 1236 2327 σπήλαιον
1248 2259 1469 2327 οίκοδομήσας...
1479 2261 1564 2326 ἁμήν.

360 2365 394 2421 4.
416 2359 495 2441 (Fol.
521 2359 652 2442 34522.)
684 2360 870 2437 Μαρτύριον
895 2364 962 2424 τῶν
991 2360 1092 2437 ἁγίων
1124 2358 1292 2438 Πρόβου,
1325 2358 1477 2438 Ταρὰχου
1506 2361 1558 2423 καί

323 2471 533 2552 Ἀνδρονίκου.
553 2507 584 2526 -
606 2474 676 2538 Β1.
1419 2473 1492 2538 Oet.
1511 2475 1561 2538 12.

361 2595 394 2653 5.
417 2588 496 2669 (Fol.
509 2589 627 2669 53-64.)
639 2590 825 2667 Μαρτύριον
836 2593 901 2652 τῶν
916 2587 1016 2665 ἁγίων
1028 2589 1199 2667 μαρτύρων
1228 2588 1428 2666 Ναζαρίου,
1444 2590 1560 2668 Γερβα·

323 2704 408 2778 σίου,
424 2704 614 2783 Προτασίου
631 2706 680 2768 καί
696 2705 838 2768 Κελσίου.
856 2736 893 2755 =
912 2703 1028 2768 146820.
1417 2703 1489 2769 Oct.
1508 2705 1557 2770 14.

362 2826 394 2884 6.
416 2819 494 2901 (Fol.
517 2820 856 2900 65-801.)Μαρτιίριον
878 2824 943 2884 τῶν
966 2819 1066 2895 ἁγίων
1088 2817 1316 2896 Χρυσὰνθου
1341 2820 1391 2882 καὶ
1405 2819 1561 2898 Δαρείας.

325 2932 409 2997 =B.
1421 2934 1494 3000 Oct.
1514 2936 1562 3001 17.

363 3055 395 3112 7.
418 3047 497 3130 (Γοί.
512 3049 846 3130 81-871.)Μαρτιἰριον
861 3053 920 3112 τοῦ
947 3049 1040 3125 ἁγίου
1063 3049 1251 3125 Λογγίνου
1278 3053 1338 3112 τοῦ
1363 3049 1560 3129 ἑκατοντὰρ·

322 3183 382 3241 χου
398 3167 457 3227 τοῦ
474 3164 507 3228 ἐν
528 3170 574 3248 τῷ
591 3170 725 3248 σταυρῷ
748 3168 807 3229 τοῦ
824 3165 936 3243 κυρίου
961 3165 1051 3243 ἡμῶν
1072 3163 1177 3242 Ἰησοῦ
1199 3163 1339 3242 Χριστοῦ
1363 3169 1563 3242 συγγραφὲν

323 3279 410 3356 παρὰ
422 3277 575 3357 Ἡσυχίου
593 3282 818 3358 πρεσβυτέρου
831 3279 1073 3357 Ἱεροσολύμων.
1095 3311 1126 3329 ==
1145 3278 1172 3342 B
1188 3279 1215 3342 1.
1425 3279 1499 3346 Oct.
1516 3281 1563 3346 16.

365 3401 397 3458 8.
421 3393 896 3478 (Ροί.88-145’,187-189.)Βίος
907 3399 966 3459 τοῦ
978 3395 1074 3459 ὁσίου
1087 3395 1209 3472 πατρὸς
1230 3395 1320 3473 ἡμῶν
1342 3393 1564 3475 Ἱλαρίονος.

488 3512 543 3566 Inc.
556 3513 613 3565 Τοῦ
627 3514 845 3579 μακαριωτάτου
859 3512 903 3566 καί
915 3512 1001 3578 φίλου
1014 3516 1066 3564 τοῦ
1086 3511 1160 3565 Θεοῦ
1180 3510 1336 3578 Ἱλαρίωνος
1350 3512 1404 3579 τὴν
1415 3514 1566 3569 πολιτείαν

455 3611 672 3678 ἁναγραφέσθαι
685 3612 793 3676 μέλλων
809 3639 843 3648 -
860 3611 921 3664 Des.
942 3611 972 3663 έν
986 3609 1160 3676 ἀμφοτέροις
1177 3611 1232 3676 γὰρ
1244 3612 1303 3675 τοῖς
1315 3610 1415 3674 τόποις
1434 3615 1499 3677 ταῖς
1511 3618 1566 3668 τοῦ

456 3709 594 3775 μακαρίου
608 3709 716 3764 ἐκείνου
728 3709 888 3777 πρεσβείαις
902 3709 1012 3774 ίιίσεις...
1025 3709 1105 3776 ἁμήν.

366 3812 398 3870 9.
423 3807 501 3888 (Fol.
519 3807 707 3890 129v-151v.)
723 3809 797 3886 Βίος
813 3809 862 3871 καὶ
877 3807 1018 3870 πολιτεία
1029 3808 1087 3870 τοῦ
1101 3805 1134 3869 έν
1150 3805 1253 3884 ἁγίοις
1264 3808 1387 3885 πατρὸς
1402 3808 1498 3887 ἡμῶν
1512 3813 1565 3874 καὶ

325 3920 549 3986 ίσαποστόλου
572 3922 767 4002 Ἀβερκίου.
1423 3923 1498 3990 Οοί.
1514 3926 1566 3990 22.

489 4038 545 4091 lnc.
565 4037 608 4091 Ἐν
630 4041 690 4102 ταῖς
710 4038 825 4106 ἡμέραις
846 4037 962 4100 ἐκείναις
985 4038 1038 4103 τὴν
1059 4035 1232 4104 πραεδρείαν
1254 4037 1301 4091 καί
1321 4037 1481 4106 έιπσκοπὴν
1504 4046 1566 4095 τῶν

457 4142 628 4202 χριστιανῶν
639 4165 672 4175 -
685 4138 746 4191 Des.
759 4137 805 4191 καί
817 4137 1051 4204 ὑποστρέψαντες
1068 4137 1171 4201 πάντες
1184 4135 1210 4190 οί
1223 4136 1343 4203 ἀδελφοί
1355 4136 1517 4206 είσήγαγον
1531 4142 1565 4194 ὃν

456 4234 673 4301 ἐψηφήσαντο...
687 4235 768 4302 ἁμήν.

368 4341 424 4397 10.
447 4333 525 4412 (Fol.
551 4333 724 4418 152165v.)
756 4333 869 4398 Passio
891 4337 1078 4398 sanctorum
1114 4336 1262 4415 septem
1293 4352 1505 4416 puerorum
1531 4336 1564 4402 in

324 4448 464 4530 EPheso.
488 4530 566 4584 Initio
579 4531 694 4586 mutila:
751 4531 847 4596 θέντες
861 4532 967 4599 ἑδραῖοι
988 4531 1017 4584 ἐν
1029 4536 1063 4598 τῇ
1076 4529 1167 4585 πίστει
1183 4529 1228 4585 καί
1245 4535 1288 4598 τῷ
1306 4537 1398 4601 καιρῷ
1410 4533 1511 4602 ἐκείνῳ
1531 4562 1565 4574 -

456 4631 518 4684 Des.
531 4630 576 4684 καί
587 4633 659 4684 πολὺ
669 4633 776 4696 πλῆθος
789 4636 849 4684 τῶν
858 4635 967 4685 πιστῶν
979 4629 1025 4684 καί
1036 4630 1198 4684 ἐπισκόπων
1207 4629 1324 4696 ἐξῆλθον
1334 4631 1394 4696 μετ’
1405 4632 1497 4688 αὑτοῦ
1506 4635 1564 4689 ἀπὸ

454 4729 603 4796 Ἐφέσου...
618 4730 698 4797 ἀμήν.
