3284 5536
518 379 610 432 8181„
637 379 719 433 rm.
743 380 857 433 PAffls.
875 400 923 412 -
949 380 1029 434 COD.
1057 380 1132 434 ⁴⁴90.

763 737 896 810 1190.

238 963 315 1019 Olim
327 964 502 1019 Colbertinus
512 965 586 1030 5108,
598 965 701 1034 Regius
711 966 810 1021 2356!

236 1063 418 1129 Chananeus,
436 1063 565 1119 foliorum
585 1065 642 1130 260,
660 1065 756 1131 0²,245
770 1074 795 1125 )(
809 1068 894 1131 0,165,
915 1066 993 1121 lineis
1014 1067 1108 1135 plenis,
1128 1082 1172 1120 an.
1194 1068 1259 1122 1568
1279 1071 1405 1123 exaratus
1426 1084 1443 1121 a

199 1163 350 1218 monacho
361 1163 527 1233 paphnutio.

248 1353 280 1409 1.
304 1343 385 1428 (λόλ.
414 1345 522 1428 1-10’.)
553 1344 742 1426 Νικηφόρου
769 1347 943 1411 Καλλίστου
976 1349 1036 1412 τοῦ
1070 1346 1307 1412 Ξανθοποόλου
1335 1347 1442 1426 λόγος.

197 1461 344 1544 Κυριακῇ
369 1466 428 1540 τῆς
466 1462 659 1540 ὀρθοδοξίας
696 1465 767 1541 περὶ
808 1465 866 1541 τήν
907 1463 1134 1540 ἁναστήλωσιν
1163 1466 1229 1528 τῶν
1260 1463 1361 1539 ἁγίων
1393 1465 1443 1527 καὶ

202 1578 341 1639 σεπτῦιν
355 1574 497 1640 εἰκόνων.

373 1693 428 1746 λιιο.
449 1691 498 1746 Καὶ
515 1693 598 1746 πόλιν
621 1693 709 1760 ἡμῶν,
727 1691 878 1759 ἀγαπητοί,
894 1693 947 1758 τήν
970 1697 1022 1746 τοῦ
1043 1694 1248 1760 φιλανθρώπου
1270 1693 1344 1747 Θεοῦ
1364 1693 1444 1759 ἡμῶν

341 1789 520 1859 κηδεμονίαν.

247 1896 283 1954 2.
305 1889 386 1972 (Fol.
400 1890 536 1972 mov.)
549 1889 655 1967 Λόγος
668 1893 728 1955 τοῦ
746 1891 839 1967 ἁγίου
855 1891 990 1956 ἐνδόξου
1007 1893 1055 1955 καὶ
1070 1893 1285 1970 πανευφήμου
1298 1890 1438 1956 ἀποστό-

203 2009 268 2069 λου
288 2004 441 2085 Ἰακώβου
461 2009 520 2069 τοῦ
540 2004 744 2084 ἀδελφοθέου
765 2005 813 2071 ότι
832 2000 927 2070 εἶπεν
941 2009 1012 2085 περὶ
1031 2012 1088 2085 τῆς
1103 2006 1246 2084 ἀτεκνίας
1267 2005 1442 2085 Ἰωακείμ...

212 2153 245 2172 =
261 2120 380 2202 (Maria
392 2122 585 2204 Deipara)B
601 2123 628 2186 1.

250 2260 285 2319 3.
308 2253 390 2336 (Pol.
406 2254 542 2336 w59v.)
556 2253 591 2319 Ἡ
605 2253 734 2333 εὕρεσις
744 2259 804 2319 τοῦ
816 2257 918 2334 τιμίου
932 2257 982 2319 καὶ
1000 2259 1165 2321 ζωοποιοῦ
1188 2255 1362 2334 σταυροῦ
1383 2258 1443 2319 τοῦ

209 2370 325 2448 κυρίου
341 2371 392 2434 καὶ
408 2369 493 2434 Θεοῦ
509 2372 558 2434 καὶ
570 2375 722 2449 σωτῆρος
734 2371 824 2449 ἡμῶν
839 2371 945 2449 Ἰησοῦ
960 2371 1109 2450 Χριστοῦ.
1121 2396 1154 2416 =
1169 2371 1236 2435 135.

374 2485 437 2539 Des.
455 2486 493 2549 είς
514 2485 658 2540 διακονίαν
679 2491 738 2539 τῶν
753 2492 888 2548 πτωχῶν·
900 2486 945 2540 καί
958 2488 1027 2552 μετὰ
1047 2491 1139 2540 ταῦτα
1151 2489 1168 2554 ἡ
1182 2485 1305 2554 μακαρία
1323 2485 1443 2553 Ἑλένη...

400 2603 425 2639 V.

247 2690 281 2747 4.
303 2586 550 2767 (ΡόἸή59’-63’.)
570 2685 637 2750 Τοῦ
659 2686 693 2749 ἐν
712 2686 814 2764 ἁγίοις
835 2687 957 2764 πατρὸς
977 2688 1066 2764 ἡμῶν
1091 2685 1278 2749 Άθανασίου
1304 2684 1439 2764 ἀρχιετα-

205 2800 335 2864 σκόπου
352 2800 581 2879 Ἀλεξανδρείας
591 2801 691 2880 λόγος
705 2803 776 2880 περὶ
791 2807 848 2880 τῆς
864 2802 988 2879 εἰκόνος
1002 2805 1061 2865 τοῦ
1074 2801 1186 2880 κυρίου
1205 2802 1294 2880 ἡμῶν
1315 2799 1442 2880 Ἰησοῦ

204 2915 379 2994 Χριστοῦ,
394 2917 432 2994 ὃς
445 2919 496 2980 καὶ
510 2921 616 2995 θαῦμα
628 2921 777 2996 διηγεῖται
788 2919 868 2996 μέγα
879 2919 913 2982 ἐν
928 2918 955 3001 ᾠ
974 2919 1107 2995 γέγονεν
1122 2917 1156 2981 ἐν
1167 2923 1205 3001 τῇ
1220 2916 1309 2981 πόλει
1321 2919 1441 2981 καλου-

206 3032 284 3112 μένῃ
297 3033 451 3111 Βηριτιῦυ.
462 3056 495 3077 =
508 3032 535 3097 B
549 3034 598 3112 la,
613 3033 687 3098 stilo
699 3036 835 3099 mutato.

248 3164 385 3248 5.(F01.
408 3164 527 3248 65-73.)
550 3166 737 3245 Μαρτόριον
761 3170 821 3231 τοῦ
847 3167 939 3243 ἁγίου
967 3165 1100 3232 ἐνδόξου
1123 3167 1287 3246 μάρτυρος
1315 3167 1444 3244 Δημη-

206 3281 313 3359 τρίου
336 3285 397 3345 τοῦ
410 3283 444 3345 ἐν
460 3282 693 3365 Θεσσαλονίκῃ.
708 3281 819 3346 =B1.
1305 3281 1376 3347 Οοί.
1392 3281 1442 3346 26.

372 3396 453 3450 Initio
464 3397 518 3451 alia
531 3398 621 3452 versio
633 3414 697 3452 cum
709 3397 816 3452 adiecto
828 3398 1025 3453 miraculorum
1037 3399 1153 3453 delectu.

248 3501 281 3560 6.
304 3494 385 3580 (Fol.
411 3495 529 3579 7377.)
551 3497 739 3576 Μαρτιίριον
763 3501 823 3561 τοῦ
850 3498 942 3574 ἁγίου
970 3497 1104 3564 ἐνδόξου
1131 3496 1296 3576 μάρτυρος
1321 3497 1443 3561 Μοδὲ·

207 3624 315 3673 στου.
1316 3610 1397 3676 Nov.
1412 3611 1442 3676 8.

372 3726 427 3780 Ine.
445 3726 509 3780 Κατ’
521 3726 692 3781 ἐκεῖνοντὸν
704 3729 803 3794 καιρόν
815 3728 928 3793 ἐγένετο
942 3731 1073 3794 ἄκουσμα
1085 3729 1115 3783 ἐν
1127 3732 1186 3794 τοῖς
1199 3710 1444 3796 Ἱεροσολύμοις-

341 3824 402 3879 Des.
414 3825 525 3888 ἔχοντες
539 3826 627 3879 αὐτόν
639 3828 860 3894 ἀπροσμόχητον
873 3829 980 3894 βοηθὸν
993 3829 1023 3882 ἐν
1031 3833 1073 3896 τῷ
1086 3832 1137 3882 νῦν
1150 3827 1221 3882 καί...
1235 3828 1316 3895 ἀμήν.

248 3946 281 4003 7.
304 3938 383 4021 (Fol.
399 3939 520 4024 77-81.)
531 3940 597 4005 Τοῡ
614 3941 648 4005 ἐν
662 3941 766 4020 ἁγίοις
780 3945 902 4023 πατρὸς
919 3945 1008 4023 ἡμῶν
1024 3944 1173 4010 Ἰωάννου
1190 3943 1442 4024 ἀρχιεπισκόττου

209 4054 358 4134 Κπόλεως
372 4059 432 4120 τοῦ
445 4056 683 4136 Χρυσοστόμου
699 4057 797 4137 λόγος
816 4059 861 4138 είς
881 4061 920 4122 τὰ
934 4060 1067 4124 είσώδια
1081 4065 1139 4139 τῆς
1155 4060 1328 4139 ἁπεραγίας
1352 4060 1445 4124 Θεο-

208 4171 334 4235 τόκου.
1294 4174 1376 4241 Νον.
1391 4176 1443 4240 21.

373 4272 428 4325 Ine.
439 4270 588 4338 Ἰωακείμδ
600 4272 705 4338 δίκαιος
718 4274 790 4341 ἀνὴρ
803 4275 833 4327 ἐκ
846 4278 939 4342 φυλῆς
951 4274 1055 4329 Δαυῑδ.

249 4392 282 4451 8.
306 4385 386 4470 (rol.
409 4386 544 4466 86’-88.λ
568 4388 682 4467 Θαῦμα
707 4388 725 4453 ό
744 4391 877 4467 γέγονεν
897 4392 931 4456 ἐν
953 4398 998 4475 τῷ
1022 4392 1102 4474 ἁγίῳ
1127 4391 1315 4470 βαπτίσματι
1334 4395 1394 4456 τοῦ
1410 4392 1445 4456 ἐν

208 4500 310 4580 ἁγίοις
322 4505 444 4582 πατρὸς
455 4504 546 4583 ἡμῶν
568 4506 769 4570 Βασιλείου
793 4510 851 4570 τοῦ
864 4506 1013 4583 μεγάλου.
1026 4527 1105 4571 :ex
1120 4506 1251 4591 B4(ed.
1260 4527 1291 4589 p.
1307 4506 1444 4590 172-75).

1329 4622 1397 4688 lan.
1415 4623 1442 4687 1.

252 4738 285 4797 9.
307 4732 386 4816 (Fol.
401 4734 524 4819 88-90.)
532 4736 668 4816 Ἕτερον
687 4741 792 4816 θαῦμα
814 4739 863 4801 καὶ
886 4741 1020 4816 σημεῖον
1036 4739 1055 4802 ὃ
1070 4740 1203 4815 γέγονεν
1221 4740 1294 4817 περὶ
1317 4737 1444 4803 Ἰουλια·
