3284 5536
422 381 512 438 οισι..
539 383 619 437 ινιτ.
648 382 760 438 Pristis,
781 407 825 416 -
853 381 932 438 con.
960 382 1034 438 ιιιι.
1296 356 1342 437 73

154 587 187 645 8.
208 579 246 661 (F
246 578 287 643 ol.
298 578 474 653 nin-217.)
489 578 676 655 Μαρτιίριον
697 581 756 641 τοῦ
773 576 864 654 ἁγίου
881 579 930 640 καὶ
946 578 1080 642 ἐνδόξου
1105 577 1341 657 μεγαλομὰρτυ·

112 715 172 771 ρος
194 685 482 772 Θεοδώρουτοῦ
498 695 655 771 τύρωνος.
667 692 744 775 (Cir.
760 692 846 769 499.)

277 810 333 864 Ino.
352 810 524 875 Μαξιμιανὸς
544 808 589 862 καί
611 809 762 873 Μαξιμῑνος
786 809 813 863 οἱ
834 811 953 874 βασιλεῖς
974 810 1066 875 δόγμα
1087 810 1283 864 ἐξαπέστειλαν
1306 810 1345 874 εἰς

242 915 338 964 πᾶσαν
347 913 443 976 χώραν
451 910 547 964 -Des
554 909 599 963 καί
609 909 714 976 μοίραις
725 910 939 976 διακοσμήσασα
949 909 994 962 καί
1004 910 1111 962 σινδόνι
1121 913 1256 976 καθαρᾷ...
1263 911 1344 977 ἁμήν.

153 1015 187 1072 9.
208 1007 246 1089 (F
247 1008 289 1071 οΙ.
303 1008 494 1090 niti-nnn.)
509 1007 646 1084 Πρὰξεις
670 1010 728 1069 τοῦ
750 1005 843 1083 ἁγίου
866 1006 1053 1070 ἀποστόλου
1078 1007 1199 1084 Θωμὰ,
1217 1038 1255 1059 --
1272 1007 1298 1071 Β
1316 1008 1343 1084 1,

111 1145 130 1200 ι,
143 1144 174 1187 ιι.
1004 1107 1008 1115 ’
1232 1123 1301 1188 Oct.
1317 1124 1346 1188 6.

156 1239 504 1323 1o.(F01.22o231v.)
529 1240 716 1317 Μαρτύριον
739 1242 799 1302 τοῦ
823 1237 915 1314 ἁγίου
941 1240 1225 1318 μεγαλομὰρτυρος
1248 1260 1346 1318 μυρο-

113 1357 232 1434 βλύτου
248 1358 299 1418 καὶ
315 1359 563 1434 Θαυματουργοῦ
585 1356 819 1433 Δημητρίου.
834 1378 867 1398 =
881 1354 907 1417 B
919 1355 948 1418 β.

157 1478 212 1533 11.
234 1470 314 1553 (rol.
342 1471 503 1553 2352110.)
532 1471 605 1548 Βίας
631 1451 679 1533 καί
707 1471 847 1533 πολιτεία
876 1474 934 1534 τοῦ
971 1470 1066 1534 ὁσίου
1104 1474 1226 1550 πατρὸς
1255 1473 1345 1551 ἡμῶν

112 1587 322 1650 Παταπίου.
338 1587 408 1650 --Β
425 1588 452 1651 1.
1228 1588 1302 1654 Dec.
1317 1590 1346 1655 8.

158 1710 212 1767 12.
234 1702 315 1785 (For.
330 1703 491 1785 βὰίλβόί.)
510 1704 584 1781 Βίος
600 1708 649 1766 καί
674 1706 814 1766 πολιτεία
839 1706 898 1766 τοῦ
924 1704 958 1766 ἐν
983 1701 1084 1781 ἁγίοις
1108 1706 1231 1783 πατρὸς
1256 1706 1347 1783 ἡμῶν

114 1819 306 1882 Νικολάου
330 1819 509 1882 ἐπισκόπου
525 1819 648 1896 Μύρων
664 1823 720 1896 τῆς
734 1818 859 1896 Λυκίας.
871 1847 904 1866 =
917 1819 941 1882 B
956 1820 987 1882 4.
1228 1820 1302 1884 Dec.
1318 1821 1347 1885 6.

669 2137 801 2208 itit.

145 2364 218 2419 Olim
231 2365 405 2419 colbertinus
422 2365 496 2429 2838,
510 2365 611 2432 Regius
629 2365 716 2419 2639i.

146 2463 287 2518 Foliorum
299 2465 357 2529 ato,
373 2464 469 2527 0¹3oe
488 2473 513 2521 ><
527 2464 630 2528 (immo,
643 2464 720 2518 tineis
738 2464 835 2532 plenis,
854 2480 925 2519 saon.
938 2464 986 2518 XII
1000 2470 1137 2519 exaratus.

146 2559 257 2613 Praeter
280 2560 327 2613 illa
345 2575 415 2628 qnae
436 2559 647 2624 recensebimus,
663 2558 792 2612 homilias
804 2560 925 2613 continet
937 2561 1044 2624 multas,
1056 2576 1125 2628 quas
1137 2560 1207 2614 inter
1219 2559 1348 2613 homilias

111 2659 239 2713 Andreae
257 2658 393 2714 Cretensis
404 2658 432 2712 in
445 2658 618 2713 Nativitatem
632 2658 762 2727 Deiparae
775 2663 818 2723 (=
829 2659 851 2712 B
863 2660 897 2724 9),
917 2659 1046 2713 Iohannis
1060 2659 1310 2713 Thessalonicensis
1323 2659 1349 2712 in

112 2759 314 2813 Dormitionem
328 2759 372 2825 (=
386 2758 452 2812 1343
473 2758 578 2825 mutii),
598 2758 625 2811 S.
638 2759 767 2812 Iohannis
780 2758 966 2826 chrysostomi
988 2759 1016 2812 in
1034 2759 1061 2813 S.
1078 2758 1232 2813 Iohannem
1244 2758 1350 2826 Baptis-

112 2861 172 2911 tnm
185 2862 213 2911 et
225 2857 254 2910 in
265 2856 407 2924 apostolos
420 2856 531 2911 Petrum
543 2861 571 2911 et
582 2856 707 2911 Paulum.

159 3012 190 3070 1.
212 3004 292 3086 (Fol.
309 3004 437 3088 7v-16v.)
452 3005 587 3084 Ἱστορία
609 3005 759 3084 Ἰακώβου
778 3010 837 3069 τοῦ
863 3005 1051 3070 ἀποστόλου
1069 3007 1113 3084 είς
1135 3008 1171 3070 τό
1187 3007 1349 3083 γενέθλιον

115 3126 173 3200 τῆς
188 3121 362 3200 ὑπεραγίας
377 3123 551 3200 δεσποίνης
566 3123 657 3201 ἡμῶν
680 3122 884 3186 Θεοτόκου.
896 3149 929 3168 =
940 3123 967 3186 B
980 3124 1007 3187 1.

158 3235 475 3320 2.(Fol.1o21.)‘tt
498 3235 627 3315 εὕρεσις
649 3241 707 3300 τοῦ
729 3238 831 3314 τιμίου
855 3240 904 3300 καὶ
925 3242 1090 3302 Ζωοποιοῦ
1113 3242 1287 3317 σταυροῦ
1311 3239 1351 3316 ἣν

117 3352 212 3430 εὗρεν
227 3353 246 3430 ἡ
262 3353 346 3430 τιμία
362 3353 536 3430 βασίλισσα
551 3352 670 3429 Ἑλένη.
685 3379 718 3399 =
733 3352 759 3416 B
773 3353 801 3416 7.

284 3468 338 3521 Sed
349 3468 406 3521 des.
423 3469 543 3534 ἀνδράσι
553 3484 585 3521 τε
598 3467 643 3521 καί
661 3468 785 3532 γυναιξίν
797 3470 931 3523 ἐπιτελεῖν
951 3470 985 3523 τό
999 3473 1181 3537 μνημόσυνον
1193 3476 1245 3524 τοῦ
1266 3486 1351 3527 σταυ-

250 3572 329 3634 ροῦ...
340 3567 404 3622 ὅσοι
414 3568 445 3620 δέ
456 3569 689 3635 μνημονεύουσι...
703 3568 783 3635 ἀμήν.

160 3675 192 3733 3.
214 3666 294 3750 (rol.
309 3666 429 3748 nl-nn.)
445 3666 479 3729 Ἡ
492 3665 621 3745 εὕρεσις
636 3671 700 3730 τῶν
716 3666 816 3743 ἁγίων
832 3668 928 3744 ἥλων.

284 3782 462 3850 λυαΠάλινὴ
476 3782 596 3849 μακαρία
602 3781 695 3849 Ἑλένη
707 3784 816 3850 πλήρης
826 3785 992 3850 όπόρχουσο
1003 3787 1053 3850 τῆς
1065 3786 1136 3851 πρός
1147 3786 1219 3839 Θεὸν
1228 3786 1350 3851 πίστεως

252 3912 284 3920 -
294 3883 355 3936 Des.
368 3882 559 3948 ἐκοιμήθησαν
570 3884 736 3946 δοξάζοντες
745 3883 853 3948 πατέρα
866 3883 911 3936 καὶ
923 3883 1010 3936 υίδν...
1023 3884 1104 3949 ἁμήν.

286 3980 340 4036 ch.
352 3980 480 4044 (ἔλπεται,
496 3982 562 4050 Ορμ.
574 3984 673 4047 ουικία,
687 3981 719 4046 ΙΙ,
731 3982 831 4035 434-36.

160 4089 195 4145 4.
216 4079 295 4163 (rol.
310 4079 444 4159 not-ili.)
458 4079 525 4144 Τοῡ
538 4080 572 4144 ἐν
587 4078 688 4157 ἁγίοις
703 4082 824 4159 πατρὸς
839 4080 929 4158 ἡμῶν
944 4081 1089 4159 Ἀνδρέου
1108 4082 1229 4161 Κρήτης
1255 4083 1351 4160 ἐγκώ·

121 4217 193 4274 μιον
208 4196 254 4272 εἰς
267 4194 325 4258 τὸν
340 4192 435 4257 ὅσιον
449 4195 570 4272 πατέρα
582 4194 672 4272 ἡμῶν
687 4196 736 4257 καὶ
751 4196 849 4271 μέγαν
864 4194 1012 4274 ἱερὰρχην
1035 4195 1228 4260 Νικόλαον.
1242 4228 1275 4247 --
1286 4196 1312 4260 Β
1323 4198 1353 4261 8.

162 4319 195 4377 5.
217 4310 297 4392 (For.
312 4307 448 4391 56-64'.)
462 4308 528 4372 Τοῦ
543 4309 577 4372 ἐν
593 4307 694 4387 ἁγίοις
714 4311 836 4388 πατρὸς
851 4311 940 4388 ἡμῶν
955 4310 1155 4390 Ἀμφιλοχίαν
1172 4312 1351 4376 ἐπισκόπου

121 4428 253 4491 Ἰκονίου
275 4427 320 4504 είς
345 4426 403 4489 τὸν
425 4425 494 4502 βίον
516 4427 565 4488 καὶ
587 4425 632 4502 είς
651 4426 690 4489 τὰ
712 4427 857 4503 θαύματα
877 4431 936 4490 τοῦ
952 4427 985 4491 ἐν
1001 4427 1102 4505 ἁγίοις
1116 4429 1238 4506 πατρὸς
1261 4430 1351 4506 ἡμῶν

123 4542 326 4606 Βασιλείαν
349 4543 408 4605 τοῦ
423 4539 572 4618 μεγάλου.
587 4565 619 4588 =
634 4540 660 4604 B
674 4542 703 4604 4.

287 4656 341 4710 Sed
351 4656 402 4710 inc.
413 4656 574 4710 Ἐπαινετόν
589 4657 675 4724 ἔργον
687 4657 762 4723 οἶμαι
779 4659 823 4712 καί
835 4659 933 4724 τίμιον.
954 4658 1014 4712 N.5
1034 4659 1238 4726 coniungendus
1259 4662 1350 4715 stetim

256 4772 331 4810 ιιυπι.
354 4754 478 4824 sequenti
500 4755 547 4824 qni
567 4755 623 4809 des.
643 4756 704 4809 κατ’
724 4758 866 4825 ἐνέργειαν
885 4762 938 4810 τοί)
959 4757 1041 4822 ἁγίου
1062 4759 1250 4824 πνεύματος...
1267 4760 1354 4823 ἁμήν.

1241 4860 1258 4910 9
