3284 5536
519 349 610 402 omo.
637 348 925 402 NAT.PAn1s.—
952 348 1032 402 coo.
1059 347 1135 401 ιοοι.
1398 328 1445 400 63

205 539 242 594 (ιο
253 540 281 594 α
292 538 425 594 michaele
440 562 476 584 =
490 539 548 604 m,
565 539 623 607 (τοι.
637 539 779 607 ιοοαοο)
797 540 832 593 ω
849 539 876 594 S.
893 539 980 594 cruce
999 538 1121 606 (=135),
1134 539 1248 592 ovano
1265 539 1299 592 de
1316 539 1346 593 Β.
1363 538 1447 593 Maria

207 637 561 707 virgine(=ss9,21,41).

249 828 281 884 1.
303 819 383 901 (Fol.
404 819 525 902 38-51.)
550 819 737 898 Μαρτύριον
758 823 815 898 τῆς
841 818 931 896 ἁγίας
962 821 1012 882 καὶ
1038 819 1172 885 ἐνδόξου
1203 819 1366 898 μάρτυρος
1396 821 1446 883 καὶ

201 936 400 1015 ἀθληφόρου
423 936 610 1014 Μαρίνας.
626 972 658 995 =
672 935 710 1000 B.

247 1074 280 1133 2.
302 1068 384 1152 (Fol.
398 1068 519 1151 51-65.)
531 1068 717 1146 Μαρτύριον
740 1073 797 1147 τῆς
811 1068 912 1144 ἁγίας
925 1068 975 1130 καὶ
989 1069 1203 1144 πανευφήμου
1227 1069 1276 1131 καὶ
1290 1069 1443 1132 πανενδό-

202 1190 265 1251 ξου
281 1185 447 1264 μάρτυρος
472 1184 684 1263 Εὐφημίας.

372 1301 429 1356 Ine.
449 1301 492 1354 Ἐν
512 1301 714 1367 Καλχηδονέων
734 1300 907 1366 μητροπόλει
925 1299 961 1366 ἢν
982 1300 1136 1366 ἁθροισμός
1157 1301 1216 1352 τῶν
1228 1302 1397 1365 χριστιανιῦν
1413 1328 1447 1339 -

336 1402 399 1455 Deo.
412 1400 478 1467 μηνί
487 1400 664 1468 σεπτεμβρίψ
676 1400 857 1469 ἑξκαιδεκάτῃ
869 1399 907 1463 είς
926 1400 1037 1466 μνήμην
1050 1400 1190 1454 ἔνδοξον...
1204 1400 1285 1466 ἀμήν.

248 1525 282 1583 3.
305 1516 385 1600 (Fol.
413 1516 534 1600 65-87.)
562 1516 748 1595 Μαρτιίριον
777 1521 833 1595 τῆς
860 1515 951 1593 ἁγίας
980 1515 1263 1594 μεγαλομὰρτυρος
1295 1514 1445 1579 Αίκατε-

209 1655 332 1714 Ρινας·
373 1717 536 1779 Ineffiwvss
547 1720 721 1783 τριακοστοῡ
732 1716 861 1781 πέμπτου
874 1716 1073 1780 βασιλεύοντος
1086 1719 1138 1767 τοῦ
1148 1715 1267 1779 ἀσεβοῦς
1278 1714 1444 1769 Μαξεντίου.

340 1844 374 1854 -
386 1815 449 1869 Des.
461 1815 611 1882 ἐτελειώθη
633 1816 664 1867 δέ
682 1816 699 1881 ἡ
712 1814 778 1878 ἁγία
790 1815 897 1880 μάρτυς
910 1818 962 1866 τοῦ
979 1815 1100 1880 Χριστοῦ
1113 1813 1278 1879 Αίκατερίνα
1290 1814 1354 1880 μηνί
1366 1831 1446 1879 νοεμ-

342 1915 413 1982 βρίῳ
425 1916 488 1968 κε’...
504 1915 586 1981 ἀμήν.

247 2021 284 2079 4.
307 2013 388 2095 (rol.
403 2013 537 2096 87-94v.)
552 2014 739 2092 Μαρτύριον
753 2017 810 2090 τῆς
821 2011 913 2090 ἁγίας
928 2011 1212 2091 μεγαλομὰρτυρος
1234 2011 1445 2092 Βαρβάρας.

208 2161 245 2183 =
265 2128 350 2193 770².
1323 2128 1399 2193 Dec.
1413 2130 1444 2194 4.

245 2269 281 2328 5.
303 2261 384 2345 (Fol.
400 2260 552 2344 95-108'.)
567 2261 633 2324 Τοῦ
655 2261 690 2325 ἐν
705 2260 807 2338 ἁγίοις
825 2261 949 2339 πατρὸς
971 2260 1062 2339 ἡμῶν
1084 2259 1331 2339 Ἀμφιλοχίου,
1357 2261 1443 2339 ἀρχι·

201 2378 388 2444 ἐπισκόπου
399 2377 528 2454 πόλεως
543 2376 682 2441 Ἰκονίου.
1301 2377 1444 2441 Νον.ῦ3.

373 2493 428 2546 [no.
439 2491 495 2546 Ἠν
506 2509 549 2557 τις
561 2493 633 2560 ἀνὴρ
655 2493 774 2557 ὀνόματι
790 2493 962 2560 Ἀμφιλόχιος
975 2492 1091 2558 εῦγενὴς
1106 2496 1166 2546 τιῦν
1187 2492 1237 2559 ἀφ’
1248 2491 1328 2559 ἡλίου
1342 2494 1444 2546 ἀνατο-

339 2596 400 2647 λιῦν
412 2622 444 2630 -
457 2593 519 2647 Dos.
534 2591 635 2647 πολλοὶ
648 2594 679 2646 δέ
691 2592 776 2656 ίὰσεις
797 2592 863 2659 παρ’
875 2592 964 2646 αυτοῦ
977 2591 1110 2645 ὥστεκαὶ
1129 2593 1197 2656 τοὺς
1215 2593 1318 2656 ἀθέους
1337 2591 1443 2660 Ἰσμαη-

337 2691 416 2756 λίτας
429 2693 647 2759 ἀποστρέφειν...
661 2692 743 2760 ἀμήν.

245 2799 280 2858 6.
302 2791 574 2875 (F01.139v-160.)
595 2792 782 2872 Μαρτιίριον
809 2795 868 2856 τοῦ
892 2791 985 2870 ἁγίου
1008 2793 1058 2855 καὶ
1084 2791 1218 2857 ἐνδόξου
1245 2790 1442 2869 μεγαλομάρ-

198 2930 307 2988 τυρος
328 2907 665 2987 Γεωργίου.τΒό.

247 3039 743 3124 7.(Γοί.169’-184’.)Συμεὼν
768 3043 926 3120 μαῑστρου
954 3042 1003 3104 καὶ
1025 3041 1203 3117 λογοθέτου
1229 3043 1289 3103 τοῦ
1315 3039 1441 3119 δρόμου

200 3157 409 3235 μετὰφρασις
422 3159 482 3220 τοῦ
498 3157 674 3235 μαρτυρίου
690 3159 749 3220 τοῦ
765 3154 859 3232 ἁγίου
875 3155 1159 3234 μεγαλομὰρτυρος
1174 3157 1224 3219 καί
1240 3160 1443 3234 θαυματουρ-

201 3275 269 3349 γοῡ
291 3272 528 3350 Δημητρίου,
544 3274 603 3335 τοῦ
619 3273 837 3351 μυροβρῦτου.
850 3271 923 3335 =B
939 3273 968 3335 2.

246 3408 282 3468 ⁸.
304 3402 385 3486 (Fol.
413 3376 590 3486 mma)
623 3403 697 3481 Βίος
733 3404 783 3466 καὶ
818 3404 960 3467 πολιτεία
994 3404 1044 3466 καί
1076 3401 1222 3481 ἀποτομὴ
1257 3406 1316 3466 τοῦ
1347 3403 1441 3478 ἁγίου

201 3521 391 3599 προφήτου,
415 3520 606 3599 προδρόμου
637 3521 686 3582 καί
708 3523 884 3599 βαπτιστοῦ
924 3519 1117 3593 Ἰωάννου,
1153 3521 1355 3598 συγγραφεὶς
1378 3519 1442 3582 ὑπὸ

201 3633 355 3700 Ἰωάννου
372 3637 443 3714 ἢτοι
457 3635 592 3715 Μάρκου
608 3639 753 3714 μαθητοῦ
770 3634 881 3699 αὐτοῦ.
891 3634 963 3698 =B
977 3635 1008 3699 9.

246 3775 280 3834 θ.
301 3768 383 3852 (Fol.
398 3768 579 3852 3994172)
592 3768 698 3846 Λόγος
717 3770 788 3847 περὶ
809 3772 874 3832 τῶν
894 3772 1023 3832 σεπτῶν
1043 3770 1093 3831 καὶ
1108 3767 1209 3844 ἁγίων
1231 3768 1364 3833 εἰκόνων
1388 3771 1439 3832 καί

205 3885 250 3964 είς
263 3887 322 3964 τήν
336 3885 469 3964 πρώτην
484 3886 636 3964 κυριακήν
649 3889 716 3951 τῶν
731 3885 831 3962 ἁγίων
846 3888 1013 3963 νηστειῶν.
1025 3911 1058 3932 =
1072 3883 1272 3968 (Theodora)
1287 3883 1313 3948 Β
1325 3885 1354 3949 3.

755 4199 886 4274 1052.

238 4429 309 4483 Olim
322 4429 497 4483 colbertinus
507 4429 580 4493 4208,
592 4433 688 4498 postea
700 4429 801 4497 Regius
813 4430 900 4483 30035.

239 4527 379 4582 Foliorum
405 4529 445 4593 79,
469 4528 565 4591 02340
589 4536 614 4586 ><
637 4528 740 4594 0=‚185,
765 4528 843 4582 lineis
863 4528 958 4597 plenis,
982 4533 1110 4583 exaratus
1128 4546 1145 4582 a
1163 4529 1285 4583 Iohanne
1304 4530 1441 4583 monacho

204 4643 277 4682 noc„
288 4626 360 4682 XIV.

239 4726 341 4782 Totum
352 4725 476 4780 codicem
488 4727 607 4796 complet
620 4726 682 4781 vita
693 4727 719 4781 S.
731 4726 860 4782 iohannis
872 4728 1061 4796 chrysostomi
1075 4727 1118 4794 (=
1130 4729 1152 4783 Β
1162 4729 1189 4796 ό)
1201 4728 1343 4797 acephala.
