3284 5536
199 317 247 388 60
453 338 544 392 Bm.
571 339 653 392 ωιτ.
679 339 792 393 mus.
822 361 866 371 -
894 341 997 395 αοοο.
1025 341 1086 410 998,
1115 342 1190 396 ιοω.

246 537 275 592 1.
298 528 377 612 (Fol.
392 530 526 615 28v-36.)
541 531 656 609 Θαῦμα
669 537 727 596 τοῦ
743 533 777 597 έν
792 534 894 611 ἁγίοις
908 536 1030 612 πατρὸς
1045 535 1136 613 ἡμών
1151 535 1368 615 άρχιεράρχου
1387 539 1441 602 καῖ

201 648 450 724 θαυματουργοῦ
474 647 676 721 Νικολάου,
690 650 761 726 περὶ
783 653 840 726 τῆς
863 649 897 712 έν
911 649 988 726 λίμει
1009 649 1172 727 προνοίας,
1196 650 1274 714 ὅταν
1298 651 1439 729 ἐλυτρώ-

202 773 283 821 σατο
306 761 363 836 την
377 759 470 824 πόλιν
492 761 593 824 αὐτοῦ
610 763 687 838 μετὰ
703 762 755 838 ἔτη
771 763 864 825 πέντε
878 766 936 839 τῆς
951 761 1052 826 αὐτοῦ
1068 766 1224 842 τελευτῆς.

365 875 420 929 lnc.
438 877 519 930 Μετὰ
536 878 588 943 τήν
607 877 735 944 κοίμησιν
755 881 807 930 τοῦ
826 876 907 943 ἁγίου
927 879 1065 932 Νικολάου
1084 878 1128 932 έπί
1149 879 1198 947 έτη
1219 880 1304 934 πέντε
1325 880 1442 944 ἐγένετο

333 975 474 1042 ἀβροχία...
496 1006 529 1016 -
549 977 612 1031 Des.
633 976 677 1030 καί
698 978 768 1030 ἄλλα
790 979 881 1031 πολλὰ
901 979 1112 1044 κατορθώματα
1140 978 1178 1043 εἰς
1199 980 1252 1046 τὴν
1274 981 1359 1033 πόλιν
1380 985 1442 1034 τῶν

333 1073 504 1140 Ῥωμαίων...
515 1078 596 1143 ἀμήν.

244 1180 275 1237 2.
298 1173 376 1257 (Fol.
396 1175 515 1258 62-76.)
540 1176 675 1254 Ἱστορία
700 1176 851 1255 Ἰακώβου
877 1177 921 1254 εἰς
946 1178 983 1240 τό
1009 1178 1157 1254 γενέσιον
1178 1183 1236 1257 τῆς
1262 1178 1442 1258 ἁπεραγίας

91 1344 95 1350 .
203 1291 376 1368 δεσποίνης
392 1292 481 1369 ἡμιῦν
504 1293 696 1357 Θεοτόκου
720 1296 769 1356 καί
785 1293 996 1371 ἀειπαρθένου
1013 1294 1147 1372 Μαρίας.
1165 1293 1279 1358 2131.

244 1413 276 1470 3.
292 1406 371 1488 (Fol.
390 1408 562 1491 167v-181.)
576 1409 734 1486 Διήγησις
759 1409 923 1487 ὠφέλιμος
946 1409 980 1472 ἐκ
1001 1412 1136 1487 παλαιάς
1158 1409 1305 1488 ἱστορίας
1325 1414 1444 1474 συλλε-

203 1525 296 1598 γεῖσα
310 1521 487 1602 ἀνάμνησιν
513 1528 660 1601 δηλοῦσα
674 1529 734 1588 τοῦ
754 1525 947 1602 παραδόξως
969 1527 1145 1602 γενομένου
1162 1526 1328 1604 θαύματος
1346 1527 1443 1604 ἡνίκα

202 1638 328 1716 Πέρσαι
353 1641 402 1702 καῖ
427 1639 581 1718 βάρβαροι
597 1642 654 1719 τὴν
676 1642 821 1719 βασιλίδα
845 1643 964 1719 ταύτην
986 1643 1116 1724 πολέμῳ
1143 1643 1442 1719 περιεκάκλωσαν...

206 1785 241 1806 =
255 1754 370 1837 (Maria
384 1754 538 1838 Deipara)
552 1756 579 1819 B
593 1757 643 1820 59.
939 1757 992 1840 Τῷ
1008 1757 1161 1840 σαββάτῳ
1176 1762 1234 1835 τῆς
1245 1759 1442 1822 ἀκαθίστου.

244 1877 278 1933 4.
300 1870 379 1952 (ίόἰ.
399 1871 570 1953 ίῦῦβῦίί.)
585 1872 659 1948 Βίας
674 1876 730 1949 τῆς
745 1871 839 1949 ὁσίας
861 1872 1007 1950 Μαρίας
1028 1877 1085 1950 τῆς
1100 1872 1279 1949 Αἰγυπτίας,
1293 1889 1440 1952 συγγρα·

205 1987 277 2063 φεὶς
301 1986 388 2063 παρὰ
413 1988 472 2048 τοῦ
499 1986 532 2050 έν
558 1986 661 2063 ἁγίοις
686 1987 808 2064 πατρὸς
835 1987 924 2064 ἡμῶν
951 1987 1158 2065 Σωφρονίου,
1181 1986 1438 2065 άρχιεπισκόπου

203 2098 446 2180 Ἰεροσολύμων.
462 2129 495 2149 =
509 2101 544 2164 B.
1030 2102 1075 2185 Τῇ
1093 2102 1119 2165 δ’
1134 2107 1191 2181 πῖς
1205 2102 1229 2166 ε’
1245 2103 1441 2183 ἑβδομάδος.

771 2417 875 2491 998.

236 2648 312 2702 Saec.
332 2647 391 2701 XV!
409 2653 537 2702 exaratus
554 2665 571 2701 a
583 2649 732 2702 Constante
743 2653 784 2715 τῷ
797 2649 915 2715 Ἀλιτριβ,
928 2653 1036 2716 praeter
1049 2648 1139 2702 Vitam
1152 2650 1179 2703 S.
1193 2649 1314 2717 Gregorii
1327 2649 1441 2704 Nazian-

202 2747 260 2802 zeni
271 2764 304 2802 ox
314 2747 405 2810 suida,
417 2747 661 2816 hagiographicum
671 2748 866 2802 documentum
879 2747 986 2802 nullum
999 2748 1128 2802 continet.

762 3046 891 3118 1045.

237 3275 309 3330 Olim
318 3275 568 3341 Fontehlaudensis‚
577 3278 672 3341 π’ἔιῖθ,
681 3280 778 3345 postea
784 3276 884 3343 Regius
893 3291 1038 3339 οααααττιι,
1053 3276 1125 3339 1010,
1135 3275 1209 3328 2899.

237 3376 412 3432 Chartaceus.
425 3377 553 3431 foliorum
565 3377 622 3441 395,
633 3377 727 3440 0¹³‚202
743 3385 767 3434 ><
779 3376 882 3440 0¹¹,140‚
891 3374 970 3428 lineis
980 3373 1075 3442 plenis,
1089 3378 1218 3428 exaratus
1230 3390 1301 3428 saec.
1314 3373 1389 3428 XVI.

249 3551 278 3606 1.
302 3541 381 3622 (Ναί.
396 3541 529 3623 7ῦ-86ἰ.)
544 3542 730 3619 Μαρτόριον
745 3543 804 3603 τοῦ
820 3539 912 3616 ἁγίου
929 3541 979 3602 καὶ
994 3538 1129 3603 ἐνδόξου
1152 3539 1444 3618 μεγαλομάρτυρος

206 3659 412 3736 Θεοδώρου
434 3661 494 3721 τοῦ
510 3659 666 3736 τόρωνος.
682 3693 714 3712 =
729 3656 813 3719 7712.

247 3782 279 3840 2.
302 3773 382 3846 (Ναί.
398 3775 552 3856 86v-106.)
576 3774 735 3850 Διήγησις
757 3771 1019 3849 διαλαμβάνουσα
1045 3772 1117 3848 περὶ
1143 3774 1208 3834 τῶν
1237 3775 1367 3835 σεπτών
1394 3773 1443 3835 καὶ

207 3889 307 3967 ἁγίων
329 3889 463 3953 εἰκόνων
485 3891 534 3951 καὶ
559 3888 649 3965 ὅπως
676 3888 725 3950 καὶ
751 3885 789 3950 δι’
813 3887 851 3963 ἣν
878 3885 978 3949 αἰτίαν
1003 3886 1206 3963 προσέλαβεν
1227 3885 1366 3963 ἐτησίως
1385 3888 1444 3963 τήν

211 4004 440 4083 ὀρθοδοξίαν
461 4007 560 4067 τελεῖν
581 4010 618 4084 τῇ
645 4003 756 4083 πρώτῃ
784 4006 915 4082 κυριακῇ
941 4003 1006 4063 τῶν
1032 3999 1131 4076 ἁγίων
1148 4004 1307 4077 νηστειῶν
1327 4003 1346 4078 ἡ
1369 4000 1442 4077 ἁγία

208 4124 268 4185 τοῦ
284 4119 370 4184 Θεοῦ
386 4121 535 4196 καθολική
553 4118 670 4196 μεγάλη
686 4117 844 4194 ἐκκλησία.
861 4140 893 4159 =
908 4114 1105 4198 (Theodora)
1120 4115 1188 4178 133.

248 4244 280 4302 3.
303 4232 648 4318 (Fol.153·184.)Bio;
668 4238 725 4312 τῆς
746 4232 840 4310 ὁσίας
863 4232 1009 4310 Μαρίας
1030 4236 1088 4308 τῆς
1109 4231 1281 4308 Αἰγυπτίας
1296 4247 1439 4309 συγγρα-

207 4352 280 4430 φεῖς
295 4349 381 4426 παρὰ
391 4349 588 4427 Σωφρονίου
605 4347 855 4426 ἀρχιεπισκόπου
869 4346 1114 4424 Ἱεροσολύμων.
1130 4369 1163 4389 =
1178 4345 1214 4409 B.

247 4474 281 4530 4.
306 4464 384 4544 (Fol.
403 4464 575 4538 184—198v.)
597 4464 755 4541 Διήγησις
775 4463 938 4540 ὠφέλιμος
960 4462 994 4525 ἐκ
1017 4464 1153 4539 παλαιᾶς
1168 4461 1313 4540 ἱστορίας
1328 4464 1443 4527 συλλε·

207 4585 300 4660 γεῖσα
325 4582 374 4643 καὶ
399 4578 575 4657 ἀνάμνησιν
600 4583 747 4656 δηλοῦσα
772 4581 831 4641 τοῦ
856 4577 1043 4656 παραδόξου
1070 4579 1246 4655 γενομένου
1275 4578 1442 4656 θαύματος

208 4698 299 4776 ἡνίκα
312 4695 438 4774 Πέρσαι
453 4697 503 4759 καὶ
529 4695 683 4774 βάρβαροι
699 4697 756 4772 τὴν
772 4694 918 4774 βασιλίδα
939 4693 1057 4771 ταύτην
1076 4695 1206 4776 πολέμῳ
1227 4694 1441 4774 περιεκῦκλω-
