3284 5536
514 375 606 427 nmo.
632 375 714 428 mn.
741 375 856 428 rnn1s.
882 396 929 407 —
955 374 1036 430 con.
1060 374 1120 428 ττι.
1387 354 1434 428 35

200 567 383 631 επισκότιου
411 567 792 644 Κωνσταντινουπόλεως,
808 566 965 644 ἐγκώμιον
987 566 1033 645 είς
1046 567 1103 632 τὸν
1118 566 1209 644 ἅγιον
1234 569 1433 646 Στέφανον

197 685 257 748 τὸν
272 683 543 762 πρωτομάρτυρα.

367 797 417 852 nd.
428 799 459 851 P.
470 800 511 862 6.,
522 796 600 860 LXV,
611 797 728 852 809817.

246 902 304 961 12.
328 896 409 978 (Pol.
424 896 597 978 257-2652)
623 897 690 959 Τοῦ
713 897 807 973 ἁγίου
833 896 981 961 Ἰωάννου
1007 899 1067 960 τοῦ
1093 897 1251 974 θεολόγου
1281 900 1352 976 περὶ
1377 903 1434 976 τῆς

198 1013 400 1089 τελειώσεως
413 1017 471 1090 τῆς
485 1013 577 1090 ἁγίας
598 1013 742 1090 Μαρίας
763 1018 820 1090 τῆς
835 1012 1010 1077 Θεοτόκου.
1022 1012 1152 1076 =1341.
1285 1015 1367 1096 Aug.
1386 1014 1433 1078 15.

249 1135 306 1193 1³.
330 1127 411 1209 (nol.
426 1128 855 1210 161-α68.)Μαρτύριοντοο
871 1129 964 1205 ἁγίου
977 1129 1150 1193 Ἰωάννου
1168 1132 1228 1192 τοῦ
1245 1133 1432 1207 βαπτιστοῦ.

1286 1246 1369 1330 Aug.
1384 1249 1434 1312 29.

367 1362 422 1415 Ino.
437 1363 606 1429 Γενηθέντος
626 1367 678 1416 τοῦ
699 1363 789 1430 Ἰησοῦ
807 1363 837 1415 ἐν
850 1364 974 1429 Βηθλεέμ
991 1366 1041 1429 τῆς
1059 1363 1200 1426 Ἰουδαίας,
1215 1365 1332 1430 ζήτησιν
1344 1365 1435 1430 ἐποιή-

335 1476 409 1515 σατο
419 1491 452 1500 -
462 1461 525 1515 Des.
538 1461 754 1529 ἀποκεφαλίσθη
765 1464 780 1515 ὁ
793 1463 871 1527 άγιος
881 1462 1009 1529 ’Ἰωάννης
1021 1464 1037 1515 δ
1051 1467 1073 1529 β.
1087 1463 1132 1516 καὶ
1148 1465 1337 1530 πρόδρομος...
1351 1464 1432 1529 ἁμήν.

774 1781 871 1852 771.

235 2007 307 2062 Olim
321 2007 495 2062 Colbertinns
504 2009 577 2072 1711,
589 2014 683 2076 postea
695 2009 795 2076 Regius
806 2008 892 2063 23512.

232 2107 372 2160 Foliomm
384 2108 441 2170 361,
453 2108 549 2171 0¹⁰,270
564 2116 589 2164 ><
603 2109 705 2172 0¹²,l8h
717 2108 796 2162 lineis
808 2108 903 2176 plenis,
916 2112 1043 2162 exaratus
1055 2125 1123 2162 seeo.
1137 2108 1206 2163 XiV.

232 2206 345 2260 Praeter
356 2223 469 2276 eaquae
482 2224 546 2260 mox
561 2208 792 2271 enumerabimus,
802 2212 830 2261 et
838 2208 890 2261 alia
901 2209 1037 2277 quaedam
1050 2213 1169 2262 anostro
1180 2208 1233 2262 fine
1245 2207 1344 2274 alieno,
1355 2208 1438 2261 eonti-

199 2310 299 2358 nentur
312 2305 339 2358 in
353 2307 407 2359 hoc
426 2307 519 2359 codiee
537 2307 583 2360 sol.
594 2302 651 2369 297,
666 2307 781 2360 homilia
799 2307 825 2361 S.
839 2307 1027 2375 chrysostomi
1039 2307 1067 2360 in
1084 2308 1130 2361 SS.
1142 2307 1255 2361 Petrum
1273 2311 1301 2361 et
1312 2307 1437 2362 Paulum.

198 2404 244 2458 fol.
255 2405 313 2465 300.
324 2405 447 2458 eiusdem
461 2405 536 2459 hom.
548 2406 575 2459 in
587 2406 636 2459 xn
650 2407 798 2474 apostolom
811 2406 856 2459 iol.
868 2407 930 2460 301¹
943 2406 1065 2460 eiusdem
1077 2407 1105 2460 in
1118 2406 1144 2460 S.
1157 2406 1282 2469 Paulum,
1292 2407 1339 2461 foi.
1350 2406 1401 2461 318
1412 2411 1437 2460 ei

199 2504 271 2566 394⁷,
280 2504 308 2557 S.
319 2503 450 2557 iohannis
462 2505 624 2559 Damasceni
637 2505 766 2559 homiliae
778 2505 806 2559 in
819 2505 1017 2559 Dormitionem
1036 2505 1174 2574 Deiparae.

244 2676 275 2730 1.
301 2667 381 2747 (nol.
396 2669 541 2751 48v-53'.)
561 2669 641 2747 Περὶ
666 2675 724 2748 τῆς
747 2670 911 2748 εὑρέσεως
932 2674 989 2747 τῆς
1010 2671 1188 2748 σεβασμίας
1210 2673 1353 2748 κεφαλῆς
1374 2673 1433 2733 τοῦ

200 2783 304 2858 τιμίου
321 2784 514 2862 προδρόμου
538 2785 713 2849 Ἰωάννου
739 2788 788 2848 καὶ
805 2790 990 2864 βαπτιστοῦ.
1003 2784 1112 2849 =B4.
1282 2785 1375 2849 Febr.
1388 2783 1437 2848 „h

242 2902 276 2960 2.
301 2896 340 2978 (F
341 2897 381 2961 ol.
394 2898 538 2980 53'·58'.)
550 2899 736 2977 Μαρτῦριον
747 2905 807 2964 τοῦ
820 2902 913 2977 ἁγίου
926 2900 1209 2978 μεγαλομάρτυρσς
1229 2899 1436 2977 Θεοδώρου

200 3015 259 3074 τοῦ
274 3013 431 3090 τῦρωνος,
447 3013 751 3092 άναγινωσκόμενον
765 3021 811 3098 τῷ
827 3016 947 3098 πρώτῳ
963 3015 1116 3096 σαββάτῳ
1131 3019 1196 3078 τῶν
1212 3019 1377 3092 νηστειῶν.

370 3129 423 3182 Ιοο.
437 3130 602 3199 Μαξιμιανιβ
612 3131 656 3184 καὶ
670 3131 816 3198 Μαξιμίνιμ
828 3134 887 3194 τοῖς
901 3135 1043 3196 βασιλεῦσι
1054 3131 1143 3197 πολλή
1156 3147 1197 3194 τις
1207 3131 1252 3183 καί
1264 3132 1440 3193 hunccine...—

338 3227 400 3281 Des.
411 3228 456 3282 καί
466 3231 559 3293 οὕτως
574 3231 760 3297 ἐπικρατῆσαι
772 3232 834 3297 ἁχρι
847 3231 892 3284 καί
904 3232 1029 3298 τήμερον
1042 3231 1075 3284 δι’
1087 3232 1170 3293 ἔτους
1182 3232 1278 3297 ἡμᾶς...
1292 3229 1373 3295 ἀμήν.

246 3332 281 3390 3.
307 3325 387 3408 (Fol.
417 3327 551 3410 ouon.)
579 3330 739 3407 Διήγησις
774 3329 1038 3408 διαλαμβάνουσα
1063 3331 1134 3407 περὶ
1169 3333 1234 3392 τών
1263 3328 1364 3404 ἁγίων
1390 3328 1438 3388 καὶ

205 3445 334 3504 σεπτών
349 3442 484 3506 είκόνων
496 3446 545 3506 καὶ
560 3444 653 3523 ὅπως
669 3447 718 3508 καὶ
741 3445 779 3508 δι)
803 3448 842 3524 ’ἠν
854 3447 954 3508 αἰτίαν
975 3447 1153 3523 παρέλαβεν
1174 3449 1232 3522 τῆς
1247 3442 1440 3521 ὀρθοδοξίας
1523 3433 1528 3443 ’

205 3556 345 3633 ἐτησίως
359 3561 460 3621 τελεῖν
475 3565 512 3642 τῇ
534 3561 645 3641 πρώτῃ
659 3567 791 3642 κυριακῇ
806 3565 869 3623 τών
882 3560 981 3637 ἁγίων
993 3565 1150 3638 νηστειῶν
1162 3560 1180 3637 ἡ
1194 3559 1266 3636 ἁγία
1280 3562 1339 3623 τοῦ
1352 3557 1438 3620 Θεοῦ

209 3675 360 3750 καθολική
376 3673 536 3752 ἐκκλησία.
547 3701 579 3724 =
592 3676 789 3759 (Theodora)
804 3676 871 3739 133.

246 3794 282 3850 4.
309 3788 391 3870 (Fol.
402 3789 522 3871 67-71.)
537 3791 604 3854 Τοῦ
621 3792 654 3854 ἐν
670 3792 772 3869 ἁγίοις
787 3793 909 3869 πατρὸς
929 3793 1019 3869 ἡμών
1040 3792 1218 3863 Βασιλείαν,
1240 3790 1440 3868 ἀρχιεπισκά-

206 3925 272 3968 που
306 3903 497 3983 Καισαρείας
526 3906 757 3984 Καππαδοκίας,
786 3907 944 3983 ἐγκώμιον
973 3908 1016 3984 είς
1049 3909 1127 3984 τοὺς
1155 3904 1267 3983 ἁγίους
1301 3921 1440 3970 τεσσα-

208 4023 374 4101 ράκοντα
396 4022 600 4100 μάρτυρας,
615 4006 932 4105 τοὺςένΣεβαστείᾳ.
948 4053 980 4075 =
995 4023 1021 4086 B
1039 4023 1064 4086 1.

248 4145 282 4203 5.
308 4137 562 4220 (nolum-223.)
579 4138 734 4216 Ἀνδρέου,
759 4138 1009 4217 ἀρχιεττισκάπου
1035 4139 1165 4217 Κρήτης,
1184 4142 1243 4202 τοῦ
1265 4137 1441 4216 Ἱεροσολυ-

209 4256 321 4331 μήτου,
344 4254 503 4331 ἐγκώμιον
519 4254 563 4330 εἰς
591 4255 648 4317 τὸν
667 4253 757 4330 ἅγιον
783 4255 1048 4333 μεγαλομάρτυρα
1070 4258 1129 4318 τοῦ
1155 4254 1295 4332 Χριστοῦ
1326 4255 1441 4331 Γεώρ-

213 4390 309 4446 γιον,
325 4369 436 4448 ἐλέχθη
453 4373 488 4432 δὲ
503 4370 537 4432 ἐν
551 4377 589 4452 τῇ
605 4371 707 4452 ἡμέρᾳ
722 4375 778 4448 τῆς
792 4369 960 4448 ἀθλήσεως
977 4371 1086 4434 αὐτοῦ.
1098 4370 1203 4434 =B7.
1301 4370 1380 4452 Apr.
1392 4369 1441 4432 23.

250 4491 285 4550 6.
313 4484 394 4563 (For.
426 4484 598 4562 inunum)
628 4485 701 4562 Βίας
729 4487 778 4548 καὶ
806 4487 946 4550 πολιτεία
973 4491 1030 4564 τῆς
1065 4485 1159 4563 ὁσίας
1195 4487 1315 4564 μητρὸς
1350 4486 1440 4562 ἡμῶν

209 4601 355 4678 Μαρίας
378 4605 435 4678 τῆς
457 4599 519 4663 ἀπὸ
540 4600 705 4678 ἑταιρίδων
731 4601 833 4678 ὁσίως
858 4601 1052 4680 άσκησάσης
1078 4603 1157 4665 κατὰ
1177 4604 1234 4679 τήν
1254 4602 1439 4678 πανέρημον

216 4718 316 4796 πέραν
331 4719 391 4779 τοῦ
406 4715 578 4794 Ἰορδάνου.
589 4715 667 4781 =B.
1319 4717 1398 4799 Apr.
1417 4717 1442 4781 1.
