3284 5536
504 373 595 425 BlssL.
623 371 702 424 ιιιτ.
731 370 843 426 mus.
863 394 908 404 —
936 375 1015 426 αοο.
1043 374 1120 426 ιιιιο.
1382 349 1425 426 81

240 569 270 626 7.
291 560 370 643 (Fol.
394 561 512 644 3641.)
528 561 645 639 Νικήτα
666 565 725 626 τοῦ
747 562 968 642 Παφλαγόνος
984 563 1141 641 ἐγκώμιον
1157 563 1201 641 εἰς
1215 565 1295 641 τοὺς
1317 561 1431 642 ἁγίους

208 677 406 755 ἁναργύρους
428 677 581 755 Κοσμὰν
604 679 653 740 καὶ
673 678 924 756 Δαμιανόν.Ξ
937 677 964 741 Β
978 679 1008 742 6.

238 798 270 856 8.
292 790 520 874 (3014143.)
536 792 653 869 Νικήτα
664 795 723 856 τοῦ
734 792 957 871 Παφλαγόνος
968 793 1126 871 ἐγκώμιον
1142 792 1187 870 είς
1201 793 1258 856 τὸν
1274 792 1366 870 ἁγιον
1382 796 1431 858 καί

205 907 410 985 πανεύφημον
425 906 612 971 ἀπόστολον
634 908 832 972 Φίλιππον.
848 938 880 958 =
896 907 922 971 B
936 909 966 972 4.

237 1029 268 1087 9.
291 1022 530 1105 (10143491.)
547 1023 664 1101 Νικήτα
674 1027 733 1087 τοῦ
747 1023 970 1103 Παφλαγόνος
981 1024 1139 1102 ἐγκώμιον
1152 1025 1197 1103 είς
1208 1027 1267 1090 τὸν
1279 1025 1371 1103 ἅγιον
1383 1028 1432 1090 καὶ

203 1139 409 1218 πανεύφημον
424 1138 612 1203 ἀπόστολον
626 1142 676 1202 καὶ
691 1139 917 1218 εὐαγγελιστήν
940 1141 1144 1205 Ματθαῖον.
1159 1177 1192 1199 =
1206 1141 1232 1205 B
1248 1142 1277 1206 3.

240 1262 294 1319 10.
316 1254 547 1337 (30150351.)
574 1255 648 1332 Βίας
672 1258 731 1318 τοῦ
758 1254 850 1332 ἁγίου
873 1255 1107 1335 λερομάρτυρος
1134 1257 1345 1335 Κλήμεντος
1370 1258 1433 1322 ἐπι-

203 1371 324 1434 σκόπου
340 1373 518 1449 γενομένου
534 1370 669 1449 Ῥώμης.
684 1397 717 1418 --
732 1370 822 1435 Βὰό.

240 1494 293 1550 11.
317 1485 397 1568 (Fol.
410 1486 560 1568 85V·89v.)
576 1485 656 1564 Περὶ
671 1489 730 1549 τοῦ
746 1487 909 1563 θαύματος
930 1489 989 1550 τοῦ
1004 1488 1181 1566 γεγονότος
1196 1488 1240 1567 είς
1260 1489 1319 1553 τὸν
1332 1491 1431 1552 παῖδα

200 1602 281 1679 παρὰ
302 1605 363 1665 τοῦ
384 1600 477 1678 ἁγίου
501 1600 734 1680 ἱερομὰρτυρος
756 1602 978 1679 Κλήμεντος,
1001 1602 1162 1681 ἐγγραφὲν
1187 1605 1275 1683 παρὰ
1295 1603 1434 1683 Ἐφραίμ

200 1716 377 1780 ἐπισκόπου
393 1716 577 1795 Χερσῶνος.
589 1738 622 1758 =
632 1715 659 1780 B
669 1716 699 1780 4.
960 1773 961 1776 ,

241 1839 296 1896 12.
319 1831 564 1914 (30183361.)
581 1831 696 1910 Νικήτα
711 1835 770 1895 τοῦ
784 1831 1006 1910 Παφλαγόνος
1021 1832 1178 1911 ἐγκώμιον
1200 1833 1245 1911 εἰς
1267 1833 1358 1911 ἁγιον
1381 1835 1431 1898 καὶ

199 1949 414 2026 πανεύφημον
426 1947 613 2011 ἀπόστολον
634 1946 815 2025 Ἀνδρέαν.
836 1980 866 1997 =
886 1947 953 2010 B8.

241 2071 296 2129 13.
318 2063 398 2146 (Fol.
414 2063 651 2145 96v-108.)100
668 2064 701 2127 ἐν
724 2063 825 2141 ἁγίοις
837 2065 959 2141 πατρὸς
973 2063 1063 2142 ἡμῶν
1078 2062 1227 2128 Ἰωάννου
1248 2069 1308 2129 τοῦ
1323 2066 1433 2145 Δαμα-

198 2182 321 2256 σκηνοῦ
347 2179 506 2257 ἐγκώμιον
531 2178 576 2256 εἰς
600 2182 657 2256 τήν
683 2177 774 2255 ἁγίαν
801 2181 850 2241 καὶ
872 2179 1006 2243 ἔνδοξον
1030 2182 1089 2242 τοῦ
1119 2178 1258 2257 Χριστοῦ
1285 2180 1431 2260 μάρτυρα

199 2290 409 2370 Βαρβάραν.
421 2323 454 2342 =
468 2291 533 2355 133.

242 2414 297 2470 14.
319 2405 400 2488 (Fol.
421 2406 592 2471 1081414.)
608 2406 795 2484 Μαρτιίριον
806 2409 865 2470 τοῦ
877 2406 971 2482 ἁγίου
995 2406 1236 2485 Εὐστρατίου
1260 2409 1434 2476 καὶΑὐξεν-

200 2524 268 2586 τίου
281 2524 331 2585 καὶ
348 2521 504 2598 Εὐγενίου
521 2524 570 2585 καὶ
585 2522 776 2600 Μαρὰαρίου
793 2523 842 2585 καὶ
859 2521 1028 2600 Ὀρέστου.
1043 2563 1075 2586 .-.
1091 2522 1126 2586 Β.

242 2647 296 2703 15.
319 2637 399 2720 (Fol.
417 2638 573 2720 134133.)
589 2637 706 2715 Νικήτα
716 2640 776 2701 τοῦ
791 2637 1012 2716 Παφλαγόνος
1027 2638 1184 2716 ἐγκώμιον
1200 2640 1244 2718 εἰς
1259 2641 1316 2704 τὸν
1331 2643 1429 2719 μέγαν

197 2756 370 2834 προφήτην
391 2754 543 2832 Δανιήλ-
557 2755 606 2816 καὶ
632 2753 675 2830 εἰς
696 2756 774 2830 τοὺς
802 2757 886 2831 τρεῖς
906 2757 1022 2830 παῖδας
1046 2752 1192 2830 Ἀνανίαν,
1216 2755 1363 2835 Ἀζαρίαν.
1379 2760 1432 2821 καὶ

201 2868 340 2946 Μισαήλ.

364 2966 419 3019 Ιαο.
432 2965 539 3032 Δαγιήλ
552 2966 675 3019 ἐπαινῶν
687 2966 721 3018 τό
732 2969 842 3030 πνεῦμα
855 2967 889 3019 τό
899 2967 980 3029 ἁγιον
993 2966 1173 3033 ἐπαινέσομαι
1184 2954 1286 3023 1--Ιλοο
1297 2971 1376 3036 χαῖρε
1388 2970 1434 3024 καί

331 3065 418 3128 αὐτός
431 3065 484 3118 σὺν
493 3064 597 3127 αυτοῖς,
611 3064 634 3116 ὠ
647 3065 830 3131 τρισμακάριε
840 3065 973 3131 Δανιὴλ...
987 3066 1068 3131 ἀμήν.

243 3187 299 3246 16.
322 3180 402 3263 (Fol.
422 3181 579 3262 133-141.)
601 3181 675 3257 Βίας
691 3182 740 3244 καὶ
756 3180 890 3259 ἄθλησις
904 3184 964 3245 τοῦ
987 3180 1083 3245 ὁσίου
1100 3184 1150 3246 καὶ
1168 3184 1245 3247 νὲαυ
1270 3184 1434 3264 μάρτυρος

199 3298 346 3377 Βόκχου
370 3300 430 3360 τοῦ
441 3298 709 3375 μαρτυρήσαντας
725 3296 759 3360 ἐν
773 3300 842 3374 τοῖς
856 3297 986 3376 χρόνοις
1000 3298 1091 3376 ἡμῶν
1113 3298 1147 3362 ἐν
1169 3298 1366 3384 Παλαιστίνῃ
1383 3301 1433 3366 ἐπὶ

199 3414 339 3492 Εἰρήνης
355 3415 405 3476 καὶ
417 3413 660 3477 Κωνσταντίνου
676 3417 743 3476 τῶν
757 3414 976 3492 φιλαχρίστων
991 3414 1082 3491 ἡμῶν
1098 3416 1266 3492 βασιλέων.
1278 3449 1310 3472 =
1324 3417 1361 3481 B.

245 3536 300 3593 1⁷.
323 3528 402 3610 (Fol.
421 3528 580 3611 141-172.)
596 3528 712 3606 Νικήτα
726 3532 785 3592 τοὺ
801 3528 1023 3607 Παφλαγόνος
1038 3530 1195 3608 ἐγκώμιον
1206 3531 1251 3609 εἰς
1265 3533 1322 3596 τὸν
1336 3535 1434 3610 μέγαν

204 3645 224 3707 Γ
230 3645 418 3722 ρηγόριον
439 3643 689 3722 ἀρχιεπίσκοπαν
705 3637 1075 3722 Κωνσταντινουπόλεως
1088 3645 1146 3708 τόν
1161 3645 1327 3722 θεολόγον.

365 3760 421 3813 lnc.
430 3760 488 3813 Τόν
501 3760 589 3825 μέγαν
602 3759 766 3826 Γρηγόριον.
778 3787 811 3797 -
828 3759 889 3812 Des.
902 3760 940 3822 ὡς
959 3761 993 3812 ἂν
1006 3761 1051 3813 διό
1063 3774 1116 3814 σου
1128 3761 1303 3827 τρανοτέρας
1317 3761 1361 3814 καλ
1373 3767 1434 3816 θεο-

332 3859 527 3924 πρεπεατέρας
541 3859 631 3923 δόξης.

367 3958 414 4011 Ed.
425 3958 509 4012 latine
522 3962 636 4022 tantum,
648 3959 679 4012 P.
694 3961 734 4021 G„
747 3957 800 4023 CV,
812 3959 928 4012 139488.

247 4064 303 4122 18.
325 4056 405 4141 (Ful.
432 4057 826 4140 171ι-183ι.)Νικήτατοο
848 4057 1069 4136 Παφλαγόνος
1084 4058 1242 4137 ἐγκώμιον
1264 4059 1308 4137 εἰς
1328 4061 1386 4124 τόν
1401 4060 1435 4124 ἐν

203 4172 305 4251 ἁγίοις
329 4174 451 4252 πατὲρα
476 4173 567 4251 ἡμῶν
588 4171 762 4250 Ἰωάννην
791 4172 1040 4251 ἁρχιεπίσκοπον
1062 4173 1435 4253 Κωνσταντινουπόλευις

204 4290 263 4353 τὸν
274 4292 363 4352 θεῖον
377 4288 624 4367 Χρυσόστομον.

366 4405 422 4458 Ine.
433 4405 502 4468 Πιῐις
515 4407 549 4458 ἄν
561 4405 615 4470 τήν
627 4402 731 4458 οἰκείαν
742 4406 838 4457 λαθὼν
847 4405 1038 4471 ταπεινότητα
1048 4436 1080 4445 -
1092 4406 1153 4460 Des.
1164 4405 1198 4458 ἵν’
1209 4406 1239 4459 ἐν
1251 4409 1311 4470 ταῖς
1324 4408 1369 4461 διὰ
1382 4422 1435 4460 σου

333 4508 395 4557 τιίιν
407 4504 589 4570 ἐπιθυμητῶν
601 4504 740 4557 ὺδὰτων...
753 4504 833 4569 ἀμήν.

246 4610 301 4667 19.
324 4601 405 4684 (Fol.
420 4602 607 4684 183v-192v.)
617 4602 733 4679 Νικήτα
745 4605 804 4665 τοῦ
816 4602 1038 4680 Παφλαγόνος
1050 4603 1207 4680 ἐγκώμιον
1222 4605 1265 4681 εἰς
1277 4606 1333 4667 τὸν
1346 4604 1436 4679 ἁγιον

206 4718 475 4800 μεγαλαμὰρτυρα
497 4718 701 4797 Θεόδωρον
722 4719 779 4782 τὸν
795 4719 1023 4798 στρατηλάτην.
1039 4738 1070 4760 =
1086 4719 1170 4783 757¹.

1310 4837 1340 4893 10
