3284 5536
243 392 1323 483 cmcnfffflc-mmssfflcmfimm.3ffl

93 603 176 679 πρὸς
190 604 248 678 τήν
263 602 501 678 πανευδαίμονα
517 602 636 679 ταύτην
651 602 700 664 καὶ
723 601 870 678 βασιλίδα
891 605 957 666 τῶν
978 602 1106 666 πόλεων
1128 603 1326 668 Κωνσταντι-

94 719 257 780 νούπολιν.
278 750 309 768 =
329 717 396 781 Bc.
1179 718 1261 800 Aug.
1279 719 1327 783 16.

134 840 193 898 45.
215 833 295 915 (Fol.
311 833 470 916 541-544.)
489 833 556 896 Τοῦ
574 833 607 896 ἐν
628 832 732 909 ἁγίοις
752 833 874 911 πατρὸς
895 833 984 912 ἡμῶν
1008 834 1169 912 Τερμανοῦ
1193 834 1327 914 ἀρχιεπι·

96 951 223 1012 σκόπον
238 949 611 1025 Κωνσταντινουπόλεως
623 947 722 1024 λόγος
734 948 778 1025 είς
789 951 847 1024 τήν
859 948 1029 1012 κατάθεσιν
1041 951 1090 1012 καὶ
1101 951 1328 1028 προσκύνησιν

94 1070 151 1142 τῆς
167 1069 286 1142 σεπτῆς
302 1067 350 1127 καὶ
365 1065 465 1141 τιμίας
481 1064 585 1142 ζώνης
606 1069 663 1140 τῆς
679 1065 853 1141 ῦπεραγίας
874 1065 1048 1143 δεσποίνης
1063 1066 1154 1143 ἡμιῦν
1169 1067 1326 1130 θεοτὸκου

96 1184 145 1244 καὶ
168 1180 378 1257 άειπαρθὲνου
402 1180 548 1257 Μαρίας
566 1181 615 1242 καὶ
640 1184 706 1243 τῶν
728 1181 828 1256 ἁγίων
856 1181 1054 1258 σπαργάνων
1071 1185 1130 1245 τοῦ
1146 1183 1259 1261 κυρίου
1276 1186 1326 1248 καὶ

96 1297 181 1359 Θεοῦ
197 1298 247 1359 καὶ
263 1301 416 1373 σωτῆρος
431 1296 522 1372 ἡμιῦν
539 1295 644 1372 Ἰησοῦ
661 1296 810 1373 Χριστοῦ.
833 1328 866 1347 =
884 1295 975 1360 1358.
1182 1300 1264 1380 Aug.
1276 1299 1326 1364 31.

134 1419 193 1476 46.
216 1411 296 1493 (Fol.
320 1410 510 1493 544v-548v.)
524 1411 591 1474 Τοῦ
607 1411 808 1490 σοφωτάτου
833 1412 881 1474 καὶ
896 1412 1096 1488 λογιωτάτου
1119 1413 1154 1477 ἐν
1176 1418 1329 1493 μοναχοῖς

96 1531 198 1605 κυροῦ
224 1527 387 1603 Εύθυμίου
409 1529 467 1589 τοῦ
489 1525 672 1604 Ζυγαβίνου
693 1527 792 1604 λόγος
811 1527 855 1604 είς
879 1529 936 1605 τήν
958 1528 1128 1592 κατάθεσιν
1146 1534 1203 1608 τῆς
1228 1530 1329 1609 τιμίας

95 1647 145 1707 καὶ
157 1649 277 1722 σεπτῆς
289 1644 394 1722 ζώνης
405 1649 461 1722 τῆς
474 1645 689 1722 ύπερενδόξου
704 1644 876 1721 δεσποίνης
889 1645 937 1706 καὶ
951 1643 1163 1722 ἀειπαρθὲνου
1179 1646 1330 1726 Μαρίας

99 1763 148 1824 καὶ
174 1760 218 1837 εἰς
233 1762 289 1823 τὸν
310 1760 513 1838 ἐγκαινισμὸν
533 1765 591 1824 τοῦ
607 1761 725 1838 ταύτης
746 1763 828 1823 ναοῦ
844 1765 910 1824 τῶν
925 1760 1196 1838 Χαλκοπρατείων,
1213 1762 1247 1826 ἐν
1265 1762 1291 1846 ᾠ
1307 1764 1326 1841 ἡ

97 1879 255 1955 σεβασμία
270 1878 406 1956 σορὸςῆ
423 1880 480 1955 τήν
496 1879 582 1940 θείαν
597 1878 702 1953 Ζώνην
714 1878 763 1939 καὶ
778 1877 817 1939 τὰ
829 1875 903 1952 ἅγια
918 1877 1088 1955 σπάργανα
1100 1879 1159 1941 τοῦ
1175 1883 1328 1957 σωτῆρος

97 1993 187 2071 ἡμιῦν
203 1993 342 2071 Χριστοῦ
358 1997 418 2057 τοῦ
435 1994 519 2057 Θεοῦ
534 1994 687 2072 φέρουσα
702 1993 888 2056 κατάκειται.
1176 1995 1259 2077 Aug.
1274 1995 1324 2060 29.

261 2109 317 2163 Inc.
328 2110 482 2175 Πρόκειται
500 2109 625 2175 σήμερον
637 2110 702 2176 ἡμῖν
713 2106 751 2172 είς
762 2109 957 2175 προσκύνησιν
975 2107 1020 2162 καί
1036 2109 1227 2176 πνευματικήν
1239 2109 1330 2164 ἑστία·

229 2221 273 2261 σιν
293 2236 327 2245 -
346 2207 407 2262 Des.
431 2207 476 2261 καί
495 2205 632 2270 παντοίας
655 2206 798 2273 ὀδυνηρὰς
823 2209 978 2261 κάντεῦθεν
999 2208 1126 2262 κάκεῖθεν
1154 2208 1330 2275 ἐκλύτρωσαι

228 2306 375 2372 θλίψεως...
393 2308 474 2373 ἀμήν.

136 2412 194 2469 47.
218 2404 296 2485 (Fol.
309 2405 483 2487 549-561v.)
498 2405 564 2468 Τοῦ
578 2405 612 2468 ἐν
627 2403 728 2481 ἁγίοις
743 2406 864 2482 πατρὸς
877 2405 968 2483 ἡμῶν
993 2404 1169 2469 Ἰωάννου
1193 2406 1327 2486 ἀρχιεπι-

98 2520 225 2584 σκόπου
239 2521 480 2598 Θεσσαλονίκης
496 2520 593 2597 λόγος
609 2521 652 2597 είς
664 2523 721 2597 τήν
738 2521 884 2599 κοίμησιν
896 2522 966 2601 ἢτοι
982 2520 1165 2585 ἀνάπαυσιν
1180 2524 1229 2585 καὶ
1244 2525 1328 2601 πρὸς

98 2636 181 2698 Θεὸν
197 2636 391 2712 μετάστασιν
405 2640 462 2712 τῆς
474 2635 647 2712 ύπεραγίας
663 2636 836 2713 δεσποίνης
851 2635 942 2713 ἡμῶν
955 2635 1119 2700 Θεοτόκου
1136 2639 1185 2699 καί
1200 2635 1327 2714 ἀειπαρ·

97 2753 193 2815 θὲνου
218 2752 373 2829 Μαρίας.
389 2783 419 2802 =
436 2750 523 2814 1343.
1181 2751 1264 2834 Aug.
1281 2752 1329 2817 15.

490 3073 631 3121 ουτοι.
677 3048 780 3133 508,
826 3048 931 3122 512.

128 3229 219 3283 Codex
230 3230 288 3294 308,
298 3229 426 3282 foliorum
440 3229 495 3289 156,
504 3229 600 3294 θ’,ῦῦθ
612 3237 637 3286 )<
649 3228 751 3292 θ“,145,
760 3229 919 3282 chartaceus
928 3233 977 3294 cst,
989 3228 1067 3282 lineis
1079 3228 1174 3297 plenis,
1186 3245 1257 3285 saec.
1266 3229 1328 3284 xlv

95 3334 229 3391 exaratus.
248 3333 375 3396 totusque
392 3328 545 3395 completur
558 3327 672 3380 historia
692 3327 737 3380 SS.
763 3328 915 3381 Barlaam
936 3331 962 3381 et
982 3328 1124 3396 locscph
1144 3331 1187 3393 (=
1198 3329 1239 3393 Β),
1254 3346 1328 3398 quae

96 3430 193 3484 mutila
204 3429 260 3482 des.
278 3429 322 3481 ὅτι
333 3441 364 3481 σε
377 3428 407 3480 ἐκ
420 3427 560 3494 καρδίας...
573 3451 605 3470 =
615 3443 639 3495 p.
654 3427 725 3492 1233,
737 3429 766 3481 P.
780 3430 812 3480 G.

127 3579 218 3632 Codex
227 3579 284 3642 312,
298 3577 424 3631 foliorum
433 3577 490 3639 317,
500 3592 572 3630 saec.
581 3575 637 3640 XV,
648 3576 693 3630 fol.
707 3578 766 3642 1-7v,
776 3575 898 3630 eiusdem
909 3577 1036 3631 historiae
1045 3576 1196 3645 fragmenta
1205 3576 1327 3632 exhibet.

564 3899 703 3945 ιιυικι..
749 3875 854 3946 515.

126 4053 197 4107 Olim
210 4052 392 4120 Seguerianus
405 4055 429 4106 9.

125 4153 301 4213 chartaceus,
320 4151 448 4204 soliorum
467 4152 523 4214 794,
540 4152 635 4216 0⁰²,238
661 4159 686 4209 ><
708 4152 811 4217 θῆλύῦ,
834 4155 961 4204 exaratus
979 4167 1050 4205 saec.
1071 4151 1145 4205 xv11
1161 4151 1237 4207 iussu
1255 4153 1325 4207 Pom·

92 4252 212 4320 chuicr,
224 4268 241 4304 a
252 4251 372 4320 quodam
387 4250 537 4304 Ηοιιοτοίο.

136 4425 165 4480 1.
188 4416 266 4498 (Fol.
283 4416 381 4496 3-23.)
397 4416 463 4479 Τοῦ
480 4414 680 4493 σοφωτάτου
695 4419 744 4477 καί
759 4414 957 4490 λογιωτάτου
974 4416 1023 4477 καί
1038 4417 1106 4492 τοῖς
1119 4414 1209 4492 ὅλοις
1230 4415 1325 4493 άγιω-

91 4532 189 4596 τάτου
203 4532 362 4596 Νικολάου
376 4532 466 4607 λόγοι
483 4531 638 4609 διάφοροι
654 4532 704 4593 καὶ
719 4530 934 4607 συντάγματα.
949 4529 1193 4608 Λόγοςπρῶτος
1208 4531 1253 4608 εἰς
1266 4534 1325 4608 τήν

92 4649 308 4726 ύπερὲνδοξον
323 4652 380 4724 τῆς
397 4647 571 4724 ύπεραγίας
583 4647 757 4724 δεσποίνης
772 4646 862 4724 ἡμῶν
885 4645 1081 4710 Θεοτόκου
1104 4647 1262 4724 γέννησιν.

256 4765 310 4818 [nc.
323 4763 373 4818 Καὶ
384 4769 487 4830 πρῶτα
501 4764 550 4828 μὲν
562 4763 614 4816 τὸν
628 4762 701 4816 Θεὸν
713 4763 743 4815 ἐν
754 4765 847 4816 ταθθα
859 4764 1014 4829 καλῶμεν...
1024 4784 1058 4806 =
1074 4762 1144 4818 9701.

1194 4862 1228 4915 ⁴0
